@comment{x-kbibtex-personnameformatting=<%l><, %f>}

@misc{spec:of11,
	title = "{OpenFlow Switch Specification, Version 1.1.0}",
	url = "http://www.openflow.org/documents/openflow-spec-v1.1.0.pdf"
}

@misc{mptcp-draft,
	title = "{TCP Extensions for Multipath Operation with Multiple Addresses}",
	url = "http://tools.ietf.org/html/draft-ietf-mptcp-multiaddressed-12"
        author="Alan Ford and Costin Raiciu and Mark Handley and Olivier Bonaventure"
}

@misc{spec:of10,
	title = "{OpenFlow Switch Specification, Version 1.0.0}",
	url = "http://www.openflow.org/documents/openflow-spec-v1.0.0.pdf"
}

@misc{lawrence:migration,
	author = "Lawrence, Ramon",
	title = "{A Survey of Process Migration Mechanisms}",
	url = "https://people.ok.ubc.ca/rlawrenc/research/Papers/proc_mig.pdf"
}

@misc{openflow_switch,
	author = "Consortium, Open Flow Switch",
	howpublished = "\url{http://www.openflowswitch.org}",
	title = "{Open Flow Switch}"
}

@misc{openflow_switch,
	author = "Consortium, Open Flow Switch",
	howpublished = "\url{http://www.openflowswitch.org}",
	title = "{Open Flow Switch}"
}

@manual{lsr,
	author = "Estrin, D. and Li, T. and Rekhter, Y. and Varadhan, K. and Zappala, D.",
	month = "may",
	organization = "IETF",
	title = "{Source Demand Routing: Packet Format and Forwarding Specification (Version 1), RFC 1940}",
	year = 1996
}

@inproceedings{ecash,
	acmid = "88969",
	address = "New York, NY, USA",
	author = "Chaum, D. and Fiat, A. and Naor, M.",
	booktitle = "{Proceedings on Advances in cryptology}",
	isbn = "0-387-97196-3",
	location = "Santa Barbara, California, United States",
	numpages = "9",
	pages = "319--327",
	publisher = "Springer-Verlag New York, Inc.",
	series = "{CRYPTO '88}",
	title = "{Untraceable electronic cash}",
	url = "http://portal.acm.org/citation.cfm?id=88314.88969",
	year = "1990"
}

@manual{flowspec,
	author = "Marques, P. and Sheth, N. and Raszuk, R. and Greene, B. and Mauch, J. and McPherson, D.",
	month = aug,
	organization = "IETF",
	title = "{Dissemination of Flow Specification Rules, RFC 5575}",
	year = 2009
}

@inproceedings{sigcomm2010-measurement,
	acmid = "1851194",
	address = "New York, NY, USA",
	author = "Labovitz, Craig and Iekel-Johnson, Scott and McPherson, Danny and Oberheide, Jon and Jahanian, Farnam",
	booktitle = "{Proceedings of the ACM SIGCOMM 2010 conference on SIGCOMM}",
	doi = "10.1145/1851182.1851194",
	isbn = "978-1-4503-0201-2",
	keywords = "architecture; inter-domain traffic; internet; peering policies",
	location = "New Delhi, India",
	numpages = "12",
	pages = "75--86",
	publisher = "ACM",
	series = "{SIGCOMM '10}",
	title = "{Internet inter-domain traffic}",
	url = "http://doi.acm.org/10.1145/1851182.1851194",
	year = "2010"
}

@manual{tcpm-increase-init-cwnd,
	author = "Chu, J. and Dukipatti, Nandita and Cheng, Y. and Mathis, M.",
	month = "april",
	organization = "IETF",
	title = "{Increasing TCP's Initial Window, Internet Draft}",
	year = 2011
}

@article{vivaldi,
	address = "New York, NY, USA",
	author = "Dabek, Frank and Cox, Russ and Kaashoek, Frans and Morris, Robert",
	journal = "SIGCOMM Comput. Commun. Rev.",
	keywords = "routing-metrics; virtual-coordinates",
	month = aug,
	number = "4",
	pages = "15--26",
	publisher = "ACM",
	title = "{Vivaldi: a decentralized network coordinate system}",
	volume = "34",
	year = "2004"
}

@inproceedings{gnp,
	author = "Ng, T. S. Eugene and Zhang, Hui",
	booktitle = "{In INFOCOM}",
	pages = "170--179",
	title = "{Predicting Internet Network Distance with Coordinates-Based Approaches}",
	year = "2001"
}

@inproceedings{triangle,
	acmid = "1644914",
	address = "New York, NY, USA",
	author = "Lumezanu, Cristian and Baden, Randy and Spring, Neil and Bhattacharjee, Bobby",
	booktitle = "{Proceedings of the 9th ACM SIGCOMM conference on Internet measurement conference}",
	doi = "10.1145/1644893.1644914",
	isbn = "978-1-60558-771-4",
	keywords = "latency; tiv; triangle inequality violation; variation",
	location = "Chicago, Illinois, USA",
	numpages = "7",
	pages = "177--183",
	publisher = "ACM",
	series = "{IMC '09}",
	title = "{Triangle inequality variations in the internet}",
	url = "http://doi.acm.org/10.1145/1644893.1644914",
	year = "2009"
}

@inproceedings{kruskal,
	added-at = "2009-08-29T18:11:31.000+0200",
	author = "Kruskal, J. B.",
	biburl = "http://www.bibsonomy.org/bibtex/20c7e44f927aaf05b9756ddcf543e06bc/n770",
	booktitle = "{Proc. of the American Mathematical Society, 7}",
	interhash = "ddaeebbd73b6a398ab03adf503924c85",
	intrahash = "0c7e44f927aaf05b9756ddcf543e06bc",
	keywords = "imported",
	timestamp = "2009-08-29T18:11:31.000+0200",
	title = "{On the Shortest Spanning Subtree of a Graph and the Traveling Salesman Problem}",
	year = 1956
}

@inproceedings{wang:geolocation,
	author = "Wang, Yong and Burgener, Daniel and Flores, Marcel and Kuzmanovic, Aleksandar and Huang, Cheng",
	booktitle = "{Proceedings of the 8th USENIX Symposium on Networked Systems Design and Implementation (NSDI)}",
	citeulike-article-id = "9267220",
	citeulike-linkout-0 = "http://www.usenix.org/events/nsdi11/tech/full\_papers/Wang\_Yong.pdf",
	keywords = "geolocation; localisation",
	location = "Boston, MA, USA",
	month = mar,
	posted-at = "2011-05-08 19:43:25",
	priority = "2",
	title = "{Towards Street-Level Client-Independent {IP} Geolocation}",
	url = "http://www.usenix.org/events/nsdi11/tech/full\_papers/Wang\_Yong.pdf",
	year = "2011"
}

@online{maxmind,
	title = "{IP Address Location Technology, http://www.maxmind.com/app/ip-location}",
	url = "http://www.maxmind.com/app/ip-location",
	year = "2011 (accesata Noiembrie 23, 2011)"
}

@online{pings,
	title = "{4 hour PlanetLab ping trace, http://www.eecs.harvard.edu/~syrah/nc/sim/pings.4hr.stamp.gz}",
	url = "http://www.eecs.harvard.edu/~syrah/nc/sim/pings.4hr.stamp.gz",
	year = "2011 (accesata Noiembrie 29, 2011)"
}

@inproceedings{gtitm,
	author = "Zegura, Ellen W. and Calvert, Kenneth L. and Bhattacharjee, Samrat",
	booktitle = "{In Proceedings of IEEE INFOCOM}",
	citeulike-article-id = "4283276",
	citeulike-linkout-0 = "http://citeseerx.ist.psu.edu/viewdoc/summary?doi=10.1.1.22.6538",
	keywords = "generator; gt-itm; network",
	pages = "594--602",
	posted-at = "2009-04-07 11:44:48",
	priority = "0",
	title = "{How to model an internetwork}",
	url = "http://citeseerx.ist.psu.edu/viewdoc/summary?doi=10.1.1.22.6538",
	volume = "2",
	year = "1996"
}

@misc{udp-behave,
	author = "Audet, F. and Jennings, C.",
	howpublished = "RFC 4787",
	month = jan,
	number = "4787",
	organization = "Internet Engineering Task Force",
	publisher = "IETF",
	series = "{Request for Comments}",
	title = "{Network Address Translation (NAT) Behavioral Requirements for Unicast UDP}",
	url = "http://www.ietf.org/rfc/rfc4787.txt",
	year = 2007
}

@misc{icmp-behave,
	author = "Srisuresh, P. and Ford, B. and Sivakumar, S. and Guha, S.",
	howpublished = "RFC 5508",
	month = apr,
	number = "5508",
	organization = "Internet Engineering Task Force",
	publisher = "IETF",
	series = "{Request for Comments}",
	title = "{NAT Behavioral Requirements for ICMP}",
	url = "http://www.ietf.org/rfc/rfc5508.txt",
	year = 2009
}

@misc{cgn-behave,
	author = "Perreault, S. and Yamagata, I. and Miyakawa, S. and Nakagawa, A. and Ashida, H.",
	month = jul,
	organization = "Internet Engineering Task Force",
	publisher = "IETF",
	series = "{Internet-Draft}",
	title = "{Common requirements for Carrier Grade NAT (CGN)}",
	url = "http://tools.ietf.org/html/draft-ietf-behave-lsn-requirements-02",
	year = 2011
}

@manual{cga,
	author = "Aura, T.",
	month = "mar",
	organization = "IETF",
	title = "{Cryptographically Generated Addresses (CGA), RFC 3972}",
	year = 2005
}

@misc{rfc1918,
	author = "Rekhter, Y. and Moskowitz, B. and Karrenberg, D. and de Groot, G. J. and Lear, E.",
	howpublished = "RFC 1918 (Best Current Practice)",
	month = feb,
	number = "1918",
	organization = "Internet Engineering Task Force",
	publisher = "IETF",
	series = "{Request for Comments}",
	title = "{Address Allocation for Private Internets}",
	url = "http://www.ietf.org/rfc/rfc1918.txt",
	year = 1996
}

@inproceedings{imc,
	acmid = "2068834",
	address = "New York, NY, USA",
	author = "Honda, Michio and Nishida, Yoshifumi and Raiciu, Costin and Greenhalgh, Adam and Handley, Mark and Tokuda, Hideyuki",
	booktitle = "{Proceedings of the 2011 ACM SIGCOMM conference on Internet measurement conference}",
	doi = "10.1145/2068816.2068834",
	isbn = "978-1-4503-1013-0",
	keywords = "TCP; measurements; middleboxes; protocol design",
	location = "Berlin, Germany",
	numpages = "14",
	pages = "181--194",
	publisher = "ACM",
	series = "{IMC '11}",
	title = "{Is it still possible to extend TCP?}",
	url = "http://doi.acm.org/10.1145/2068816.2068834",
	year = "2011"
}

@article{flowstream,
	acmid = "1517484",
	address = "New York, NY, USA",
	author = "Greenhalgh, Adam and Huici, Felipe and Hoerdt, Mickael and Papadimitriou, Panagiotis and Handley, Mark and Mathy, Laurent",
	doi = "10.1145/1517480.1517484",
	issn = "0146-4833",
	issue = "2",
	journal = "SIGCOMM Comput. Commun. Rev.",
	keywords = "architecture; flow processing; internet; virtualization",
	month = "March",
	numpages = "7",
	pages = "20--26",
	publisher = "ACM",
	title = "{Flow processing and the rise of commodity network hardware}",
	url = "http://doi.acm.org/10.1145/1517480.1517484",
	volume = "39",
	year = "2009"
}

@misc{sip,
	author = "Schulzrinne, H. and Handley, M. and et al",
	howpublished = "RFC 3261",
	month = jun,
	number = "3261",
	organization = "Internet Engineering Task Force",
	publisher = "IETF",
	series = "{Request for Comments}",
	title = "{SIP: Session Initiation Protocol}",
	url = "http://www.ietf.org/rfc/rfc3261.txt",
	year = 2002
}

@misc{spec:of11,
	title = "{OpenFlow Switch Specification, Version 1.1.0}",
	url = "http://www.openflow.org/documents/openflow-spec-v1.1.0.pdf"
}

@misc{spec:of10,
	title = "{OpenFlow Switch Specification, Version 1.0.0}",
	url = "http://www.openflow.org/documents/openflow-spec-v1.0.0.pdf"
}

@misc{lawrence:migration,
	author = "Lawrence, Ramon",
	title = "{A Survey of Process Migration Mechanisms}",
	url = "https://people.ok.ubc.ca/rlawrenc/research/Papers/proc_mig.pdf"
}

@misc{click:www,
	title = "{The Click Modular Router Project}",
	url = "http://read.cs.ucla.edu/click"
}

@misc{minios:kernel,
	title = "{A tour of the Mini-OS kernel}",
	url = "http://www.cs.uic.edu/~spopuri/minios.html"
}

@misc{openflow_switch,
	author = "Consortium, Open Flow Switch",
	howpublished = "\url{http://www.openflowswitch.org}",
	title = "{Open Flow Switch}"
}

@misc{openflow_switch,
	author = "Consortium, Open Flow Switch",
	howpublished = "\url{http://www.openflowswitch.org}",
	title = "{Open Flow Switch}"
}

@misc{spec:of11,
	title = "{OpenFlow Switch Specification, Version 1.1.0}",
	url = "http://www.openflow.org/documents/openflow-spec-v1.1.0.pdf"
}

@misc{spec:of10,
	title = "{OpenFlow Switch Specification, Version 1.0.0}",
	url = "http://www.openflow.org/documents/openflow-spec-v1.0.0.pdf"
}

@misc{lawrence:migration,
	author = "Lawrence, Ramon",
	title = "{A Survey of Process Migration Mechanisms}",
	url = "https://people.ok.ubc.ca/rlawrenc/research/Papers/proc_mig.pdf"
}

@misc{click:www,
	title = "{The Click Modular Router Project}",
	url = "http://read.cs.ucla.edu/click"
}

@misc{minios:kernel,
	title = "{A tour of the Mini-OS kernel}",
	url = "http://www.cs.uic.edu/~spopuri/minios.html"
}

@misc{openflow_switch,
	author = "Consortium, Open Flow Switch",
	howpublished = "\url{http://www.openflowswitch.org}",
	title = "{Open Flow Switch}"
}

@misc{openflow_switch,
	author = "Consortium, Open Flow Switch",
	howpublished = "\url{http://www.openflowswitch.org}",
	title = "{Open Flow Switch}"
}

@misc{spec:of11,
	title = "{OpenFlow Switch Specification, Version 1.1.0}",
	url = "http://www.openflow.org/documents/openflow-spec-v1.1.0.pdf"
}

@misc{spec:of10,
	title = "{OpenFlow Switch Specification, Version 1.0.0}",
	url = "http://www.openflow.org/documents/openflow-spec-v1.0.0.pdf"
}

@misc{lawrence:migration,
	author = "Lawrence, Ramon",
	title = "{A Survey of Process Migration Mechanisms}",
	url = "https://people.ok.ubc.ca/rlawrenc/research/Papers/proc_mig.pdf"
}

@misc{click:www,
	title = "{The Click Modular Router Project}",
	url = "http://read.cs.ucla.edu/click"
}

@misc{minios:kernel,
	title = "{A tour of the Mini-OS kernel}",
	url = "http://www.cs.uic.edu/~spopuri/minios.html"
}

@misc{openflow_switch,
	author = "Consortium, Open Flow Switch",
	howpublished = "\url{http://www.openflowswitch.org}",
	title = "{Open Flow Switch}"
}

@misc{openflow_switch,
	author = "Consortium, Open Flow Switch",
	howpublished = "\url{http://www.openflowswitch.org}",
	title = "{Open Flow Switch}"
}

@article{RFC6093,
	author = "Gont, F. and Yourtchenko, A.",
	bibsource = "http://www.ietf.org/rfc/rfc6093.txt",
	journal = "{RFC 6093}",
	publisher = "{IETF}",
	title = "{On the Implementation of the TCP Urgent Mechanism}",
	year = "Jan. 2011."
}

@article{mptcp-arch,
	author = "Ford, A. and Raiciu, C. and Handley, M. and Barre, S. and Iyengar, J.",
	journal = "{RFC 6182}",
	publisher = "{IETF}",
	title = "{Architectural Guidelines for Multipath {TCP} Development}",
	url = "http://www.ietf.org/rfc/rfc6182.txt",
	year = "Mar. 2011."
}

@misc{joe_touch_tcpm_ml,
	key = "JoeTCPMML",
	title = "{Re: [tcpm] Extending the TCP option space - yet another approach. http://www.ietf.org/mail-archive/web/tcpm/current/msg06481.html}"
}

@misc{smb,
	author = "Protocol, Microsoft SMB and Overview, CIFS Protocol",
	url = "http://msdn.microsoft.com"
}

@article{DDNS,
	author = "{P. Vixie, S.Thomson and et al.}",
	journal = "{RFC 2136}",
	publisher = "{IETF}",
	title = "{Dynamic Updates in the Domain Name System (DNS UP DATE)}",
	url = "http://www.ietf.org/rfc/rfc2136.txt",
	year = "Apr. 1997."
}

@article{SIP,
	author = "Rosenberg, J. and Schulzrinne, H. and et al.",
	bibsource = "http://www.ietf.org/rfc/rfc3261.txt",
	journal = "{RFC 3261}",
	publisher = "{IETF}",
	title = "{SIP: Session Initiation Protocol}",
	year = "Jun. 2002."
}

@article{DHCP,
	author = "Droms, R.",
	bibsource = "http://www.ietf.org/rfc/rfc2131.txt",
	journal = "{RFC 2131}",
	publisher = "{IETF}",
	title = "{Dynamic Host Configuration Protocol}",
	year = "Mar. 1997."
}

@article{DHCP6,
	author = "{R. Droms, J. Bound and et al.}",
	bibsource = "http://www.ietf.org/rfc/rfc3315.txt",
	journal = "{RFC 3315}",
	publisher = "{IETF}",
	title = "{Dynamic Host Configuration Protocol for IPv6 (DHCPv6)}",
	year = "Jul. 2003."
}

@article{autoconf6,
	author = "{S. Thomson, T. Narten}",
	bibsource = "http://www.ietf.org/rfc/rfc2462.txt",
	journal = "{RFC 2462}",
	publisher = "{IETF}",
	title = "{IPv6 Stateless Address Autoconfiguration}",
	year = "Dec. 1998."
}

@article{VNAT,
	author = "{Gong Su, Jason Nieh}",
	bibsource = "http://www.cs.columbia.edu/~hgs/papers/cucs-003-02.pdf",
	journal = "{Technical Report CUCS-003-02}",
	publisher = "{Columbia University}",
	title = "{Mobile Communication with Virtual Network Address Translation}",
	year = "Feb. 2002."
}

@article{PolicyMIP6,
	author = "{R. Wakikawa, K. Uehara and et al.}",
	journal = "{International Conference on Wireless Networks (ICWN)}",
	title = "{Multiple Network Interfaces Support by Policy-Based Routing on Mobile IPv6}",
	year = "Jul. 2002."
}

@article{SCTPretran,
	author = "{Michio Honda, Jin Nakazawa, Yoshifumi Nishida and Hideyuki Tokuda}",
	journal = "{The 28th International Conference on Distributed Computing Systems (ICDCS)}",
	title = "{A Connectivity-Driven Retransmission Scheme Based On Transport Layer Readdressing}",
	year = "2008 (To appear)"
}

@article{fastmSCTP,
	author = "{M. Honda, Y. Nishida and M. Kozuka}",
	journal = "Internet Draft",
	publisher = "{IETF}",
	title = "{Stream Control Transmission Protocol (SCTP) Readdressing Retransmission Trigger}",
	year = "Feb. 2008."
}

@article{VIP,
	author = "{F. Teraoka, Y. Yokote and M. Tokoro}",
	journal = "{ACM SIGCOMM}",
	pages = "{209--220}",
	publisher = "{ACM}",
	title = "{A Network Architecture Providing Host Migration Transparency}",
	year = "Sep. 1991."
}

@article{MIP,
	author = "{C. Perkins}",
	bibsource = "http://www.ietf.org/rfc/rfc2002.txt",
	journal = "{RFC 2002}",
	publisher = "{IETF}",
	title = "{IP Mobility Support}",
	year = "Oct. 1996."
}

@article{Co-locatedCoA,
	author = "{J. Solomon, S. Glass}",
	bibsource = "http://www.ietf.org/rfc/rfc2290.txt",
	journal = "{RFC 2290}",
	publisher = "{IETF}",
	title = "{Mobile-IPv4 Configuration Option for PPP IPCP}",
	year = "Feb. 1998."
}

@article{IPv6,
	author = "{S. Deering, R. Hinden}",
	bibsource = "http://www.ietf.org/rfc/rfc2460.txt",
	journal = "{RFC 2460}",
	publisher = "{IETF}",
	title = "{Internet Protocol, Version 6 (IPv6) Specification}",
	year = "Dec. 1998."
}

@article{MIP6,
	author = "{D. Johnson, C. Perkins, J. Arkko}",
	bibsource = "http://www.ietf.org/rfc/rfc3775.txt",
	journal = "{RFC 3775}",
	publisher = "{IETF}",
	title = "{Mobility Support in IPv6}",
	year = "Jun. 2004."
}

@article{FMIPv6,
	author = "{R. Koodli}",
	bibsource = "http://www.ietf.org/rfc/rfc4068.txt",
	journal = "{RFC 4068}",
	title = "{Fast Handovers for Mobile IPv6}",
	year = "Jul. 2005."
}

@article{HIP,
	author = "{R. Moskowitz, P. Nikander}",
	bibsource = "http://www.ietf.org/rfc/rfc4423.txt",
	journal = "{RFC 4423}",
	title = "{Host Identity Protocol (HIP) Architecture}",
	year = "May. 2006."
}

@misc{IETF,
	title = "{Internet Engineering Task Force. http://www.ietf.org/}"
}

@article{RFC793,
	author = "Postel, J.",
	bibsource = "http://www.ietf.org/rfc/rfc793.txt",
	journal = "{RFC 793}",
	publisher = "{IETF}",
	title = "{Transmission Control Protocol}",
	year = "Sep. 1981."
}

@article{RFC4960,
	author = "Stewart, R.",
	bibsource = "http://www.ietf.org/rfc/rfc4960.txt",
	journal = "{RFC 4960}",
	publisher = "{IETF}",
	title = "{Stream Control Transmission Protocol}",
	year = "Sep. 2007."
}

@article{RFC4340,
	author = "Kohler, E. and Handley, M. and Floyd, S.",
	journal = "{RFC 4340}",
	publisher = "{IETF}",
	title = "{Datagram Congestion Control Protocol (DCCP)}",
	year = "Mar. 2006."
}

@article{RFC3234,
	author = "Carpenter, B. and Brim, S.",
	journal = "{RFC 3234}",
	publisher = "{IETF}",
	title = "{Middleboxes: Taxonomy and Issues}",
	year = "Feb. 2002."
}

@article{RFC3135,
	author = "J.Border and Kojo, M. and Griner, J. and Montenegro, G. and Shelby, Z.",
	journal = "{RFC 3135}",
	publisher = "{IETF}",
	title = "{Performance Enhancing Proxies Intended to Mitigate Link-Related Degradations}",
	year = "Jun. 2001."
}

@article{sctpsocket,
	author = "Stewart, R. and Xie, Q. and et al.",
	bibsource = "http://infonet.cse.kyutech.ac.jp/~ike/I-D/draft-ietf-tsvwg-sctpsocket-15.txt",
	journal = "Internet Draft",
	publisher = "{IETF}",
	title = "{Sockets API Extensions for Stream Control Transmission Protocol (SCTP)}",
	year = "Jul. 2007."
}

@article{TCPimmediate,
	author = "Eggert, L. and Schuetz, S. and Schmid, S.",
	bibsource = "http://tools.ietf.org/id/draft-eggert-tcpm-tcp-retransmit-now-02.txt",
	journal = "Internet Draft",
	publisher = "{IETF}",
	title = "{TCP Extensions for Immediate Retransmissions}",
	year = "Jun. 2005."
}

@article{MuPRSCTP1,
	author = "{Hongtao Wang, Yuehui Jin, Wendong Wang, Jian Ma and Dongmei Zhang}",
	journal = "{Communication Technology Proceedings, 2003. ICCT 2003. International Conference on}",
	title = "{The performance comparison of PRSCTP, TCP and UDP for MPEG-4 multimedia traffic in mobile network}",
	year = "Apr. 2003."
}

@article{MuPRSCTP2,
	author = "{Chung-Ming Huang, Ching-Hsien Tsai and Ming-Chi Tsai}",
	journal = "{The Computer Journal}",
	number = "{4}",
	pages = "{400--417}",
	title = "{Design and Implementation of Video Streaming Hot-plug between Wired and Wireless Networks Using SCTP}",
	volume = "{49}",
	year = "2006."
}

@article{ADVIPV6API,
	author = "{W. Stevens, M. Thomas}",
	bibsource = "http://www.ietf.org/rfc/rfc2292.txt",
	journal = "RFC 2292",
	publisher = "{IETF}",
	title = "{Advanced Sockets API for IPv6}",
	year = "Feb. 1998."
}

@article{OptDAD,
	author = "{N. Moore}",
	bibsource = "http://www.ietf.org/rfc/rfc4429.txt",
	journal = "{RFC 4429}",
	publisher = "{IETF}",
	title = "{Optimistic Dupricate Address Detection (DAD) for IPv6}",
	year = "Apr. 2006."
}

@article{ComputingRTO,
	author = "Paxson, V. and Allman, M.",
	journal = "{RFC 2988}",
	publisher = "{IETF}",
	title = "{Computing TCP's Retransmission Timer}",
	year = "Nov. 2000."
}

@article{quick-start,
	author = "Floyd, S. and Allman, M. and Jain, A. and Sarolahti, P.",
	journal = "{RFC 4782}",
	publisher = "{IETF}",
	title = "{Quick-Start for TCP and IP}",
	year = "Jan. 2007."
}

@article{quick-start-paper,
	author = "Sarolahti, P. and Allman, M. and Floyd, S.",
	issue = "7",
	journal = "{Computer Networks, Protocols for Fast, Long-Distance Networks }",
	pages = "1815--1832",
	title = "{Determining an appropriate sending rate over an underutilized network path}",
	volume = "51",
	year = "May. 2007."
}

@article{RFC1323,
	author = "Jacobson, V. and Braden, R. and Borman, D.",
	journal = "{RFC 1323}",
	publisher = "{IETF}",
	title = "{TCP Extensions for High Performance}",
	year = "May. 1992."
}

@article{RFC3758,
	author = "Stewart, R. and Ramalho, M. and et al.",
	bibsource = "http://www.ietf.org/rfc/rfc2960.txt",
	journal = "{RFC 3758}",
	publisher = "{IETF}",
	title = "{Stream Control Transmission Protocol (SCTP) Partial Reliability Extension}",
	year = "May. 2004."
}

@article{SCTPauth,
	author = "{M. Tuexen, R. Stewart, P. Lei and and E. Rescorla}",
	bibsource = "http://www.ietf.org/rfc/rfc4895.txt",
	journal = "{RFC 4895}",
	publisher = "{IETF}",
	title = "{Authenticated Chunks for the Stream Control Transmission Protocol (SCTP)}",
	year = "Aug. 2007."
}

@article{diffserv1,
	author = "{K. Nichols, S. Blake and et al.}",
	journal = "{RFC 2474}",
	title = "{Definition of the Differentiated Services Field (DS Field) in the IPv4 and IPv6 Headers}",
	url = "http://www.ietf.org/rfc/rfc2474.txt",
	year = "Dec. 1998."
}

@article{diffserv2,
	author = "{S. Blake, D. Black and et al.}",
	journal = "{RFC 2475}",
	title = "{An Architecture for Differentiated Services}",
	url = "http://www.ietf.org/rfc/rfc2475.txt",
	year = "Dec. 1998."
}

@article{ADDIP,
	author = "{R. Stewart, Q. Xie, M. Tuexen, S. Maruyama, M. Kozuka}",
	bibsource = "{http://www.rfc-editor.org/rfc/rfc5061.txt}",
	journal = "RFC 5061",
	publisher = "{IETF}",
	title = "{Stream Control Transmission Protocol (SCTP) Dynamic Address Reconfiguration}",
	year = "Sep. 2007."
}

@article{MobileIPandSCTP,
	author = "{S. J. Koh, Q. Xie}",
	bibsource = "http://infonet.cse.kyutech.ac.jp/~ike/I-D/draft-sjkoh-mobile-sctp-mobileip-02.txt",
	journal = "{Internet Draft}",
	publisher = "{IETF}",
	title = "{mSCTP with Mobile IP for Transport Layer Mobility}",
	year = "Aug. 2003."
}

@article{MultihomedTCP,
	author = "{Christian Huitema}",
	journal = "{Internet Draft (Expired)}",
	publisher = "{IETF}",
	title = "{Multi-homed TCP}",
	year = "May. 1995."
}

@article{MIPretrans,
	author = "{Ram{\'o}n C{\'a}ceres and Liviu Iftode}",
	journal = "{Selected Areas in Communications, IEEE Journal on}",
	number = "{5}",
	pages = "{850--857}",
	publisher = "{IEEE}",
	title = "{Improving the Performance of Reliable Transport Protocols in Mobile Computing Environments}",
	volume = "{13}",
	year = "{Jun. 1995}"
}

@misc{WLSIP,
	title = "{WebLogic SIP Server. http://e-docs.bea.com/wlcp/wlss31/}"
}

@misc{OpenSS7,
	title = "{OpenSS7 Project. http://www.openss7.org/}"
}

@misc{SCTPcode,
	title = "{SCTP BSD kernel implementation. http://www.sctp.org/}"
}

@misc{FBSD,
	title = "{The FreeBSD Project. http://www.freebsd.org/}"
}

@misc{WIDE,
	title = "{WIDE Project. http://www.wide.ad.jp/}"
}

@misc{SCTPWG,
	title = "{SCTP Working Group. http://www.wide.ad.jp/project /wg/sctp.html}"
}

@misc{move,
	title = "{move! Project. http://www.ht.sfc.keio.ac.jp/move/}"
}

@misc{ieee80211,
	title = "{IEEE 802.11 WIRELESS LOCAL AREA NETWORKS. http://www.ieee802.org/11/}"
}

@misc{ieee80216,
	title = "{{IEEE 802.16 WirelessMAN Standard} for {Wireless Metropolitan Area} {Networks.} http://www.ieee802.org/16/}"
}

@misc{WiMAX,
	title = "{{WiMAX}{ Forum.} {http://www.wimaxforum.org/}}"
}

@article{RFC2663,
	author = "{P. Srisuresh and M. Holdrege}",
	bibsource = "http://www.ietf.org/rfc/rfc2633.txt",
	journal = "{RFC 2663}",
	publisher = "{IETF}",
	title = "{IP Network Address Translator (NAT) Terminology and Considerations}",
	year = "Aug. 1999."
}

@misc{scapy,
	key = "scapy",
	note = "URL http://www.secdev.org/projects/scapy/",
	title = "{Scapy}"
}



@misc{libdnet,
	key = "libdnet",
	note = "URL http://libdnet.sourceforge.net/",
	title = "{Libdnet}"
}

@misc{python-libpcap,
	key = "python-libpcap",
	note = "URL http://sourceforge.net/projects/pylibpcap/",
	title = "{Python-Libpcap}"
}

@misc{youtube,
	key = "YouTube",
	note = "http://www.youtube.com",
	title = "{YouTube}"
}

@misc{planetlab,
	key = "planetlab",
	note = "URL http://www.planet-lab.org/",
	title = "{PlanetLab}"
}

@misc{ns2,
	key = "ns2",
	note = "URL http://www.isi.edu/nsnam/ns/",
	title = "{The Network Simulator - ns-2}"
}

@misc{ns3,
	key = "ns3",
	note = "URL http://www.nsnam.org/index.html",
	title = "{The ns-3 network simulator}"
}

@misc{imc11data,
	key = "dataset",
	note = "URL \url{http://web.sfc.wide.ad.jp/~micchie/mbox-dataset.html}",
	title = "{Dataset for Middlebox Measurement}"
}

@misc{SPDY,
	key = "SPDY",
	note = "{URL http://dev.chromium.org/spdy/spdy-whitepaper}",
	title = "{SPDY: An experimental protocol for a faster web}"
}

@article{GUT,
	author = "Manner, J. and Varis, N.",
	journal = "Internet Draft",
	publisher = "IETF",
	title = "{Generic UDP Tunnelling (GUT)}",
	year = "Sep. 2009."
}

@article{RFC6093,
	author = "Gont, F. and Yourtchenko, A.",
	bibsource = "http://www.ietf.org/rfc/rfc6093.txt",
	journal = "{RFC 6093}",
	publisher = "{IETF}",
	title = "{On the Implementation of the TCP Urgent Mechanism}",
	year = "Jan. 2011."
}

@article{mptcp-arch,
	author = "Ford, A. and Raiciu, C. and Handley, M. and Barre, S. and Iyengar, J.",
	journal = "{RFC 6182}",
	publisher = "{IETF}",
	title = "{Architectural Guidelines for Multipath {TCP} Development}",
	url = "http://www.ietf.org/rfc/rfc6182.txt",
	year = "Mar. 2011."
}

@misc{joe_touch_tcpm_ml,
	key = "JoeTCPMML",
	title = "{Re: [tcpm] Extending the TCP option space - yet another approach. http://www.ietf.org/mail-archive/web/tcpm/current/msg06481.html}"
}

@misc{smb,
	author = "Protocol, Microsoft SMB and Overview, CIFS Protocol",
	url = "http://msdn.microsoft.com"
}

@article{DDNS,
	author = "{P. Vixie, S.Thomson and et al.}",
	journal = "{RFC 2136}",
	publisher = "{IETF}",
	title = "{Dynamic Updates in the Domain Name System (DNS UP DATE)}",
	url = "http://www.ietf.org/rfc/rfc2136.txt",
	year = "Apr. 1997."
}

@article{SIP,
	author = "Rosenberg, J. and Schulzrinne, H. and et al.",
	bibsource = "http://www.ietf.org/rfc/rfc3261.txt",
	journal = "{RFC 3261}",
	publisher = "{IETF}",
	title = "{SIP: Session Initiation Protocol}",
	year = "Jun. 2002."
}

@article{DHCP,
	author = "Droms, R.",
	bibsource = "http://www.ietf.org/rfc/rfc2131.txt",
	journal = "{RFC 2131}",
	publisher = "{IETF}",
	title = "{Dynamic Host Configuration Protocol}",
	year = "Mar. 1997."
}

@article{DHCP6,
	author = "{R. Droms, J. Bound and et al.}",
	bibsource = "http://www.ietf.org/rfc/rfc3315.txt",
	journal = "{RFC 3315}",
	publisher = "{IETF}",
	title = "{Dynamic Host Configuration Protocol for IPv6 (DHCPv6)}",
	year = "Jul. 2003."
}

@article{autoconf6,
	author = "{S. Thomson, T. Narten}",
	bibsource = "http://www.ietf.org/rfc/rfc2462.txt",
	journal = "{RFC 2462}",
	publisher = "{IETF}",
	title = "{IPv6 Stateless Address Autoconfiguration}",
	year = "Dec. 1998."
}

@article{VNAT,
	author = "{Gong Su, Jason Nieh}",
	bibsource = "http://www.cs.columbia.edu/~hgs/papers/cucs-003-02.pdf",
	journal = "{Technical Report CUCS-003-02}",
	publisher = "{Columbia University}",
	title = "{Mobile Communication with Virtual Network Address Translation}",
	year = "Feb. 2002."
}

@article{PolicyMIP6,
	author = "{R. Wakikawa, K. Uehara and et al.}",
	journal = "{International Conference on Wireless Networks (ICWN)}",
	title = "{Multiple Network Interfaces Support by Policy-Based Routing on Mobile IPv6}",
	year = "Jul. 2002."
}

@article{SCTPretran,
	author = "{Michio Honda, Jin Nakazawa, Yoshifumi Nishida and Hideyuki Tokuda}",
	journal = "{The 28th International Conference on Distributed Computing Systems (ICDCS)}",
	title = "{A Connectivity-Driven Retransmission Scheme Based On Transport Layer Readdressing}",
	year = "2008 (To appear)"
}

@article{fastmSCTP,
	author = "{M. Honda, Y. Nishida and M. Kozuka}",
	journal = "Internet Draft",
	publisher = "{IETF}",
	title = "{Stream Control Transmission Protocol (SCTP) Readdressing Retransmission Trigger}",
	year = "Feb. 2008."
}

@article{VIP,
	author = "{F. Teraoka, Y. Yokote and M. Tokoro}",
	journal = "{ACM SIGCOMM}",
	pages = "{209--220}",
	publisher = "{ACM}",
	title = "{A Network Architecture Providing Host Migration Transparency}",
	year = "Sep. 1991."
}

@article{MIP,
	author = "{C. Perkins}",
	bibsource = "http://www.ietf.org/rfc/rfc2002.txt",
	journal = "{RFC 2002}",
	publisher = "{IETF}",
	title = "{IP Mobility Support}",
	year = "Oct. 1996."
}

@article{Co-locatedCoA,
	author = "{J. Solomon, S. Glass}",
	bibsource = "http://www.ietf.org/rfc/rfc2290.txt",
	journal = "{RFC 2290}",
	publisher = "{IETF}",
	title = "{Mobile-IPv4 Configuration Option for PPP IPCP}",
	year = "Feb. 1998."
}

@article{IPv6,
	author = "{S. Deering, R. Hinden}",
	bibsource = "http://www.ietf.org/rfc/rfc2460.txt",
	journal = "{RFC 2460}",
	publisher = "{IETF}",
	title = "{Internet Protocol, Version 6 (IPv6) Specification}",
	year = "Dec. 1998."
}

@article{MIP6,
	author = "{D. Johnson, C. Perkins, J. Arkko}",
	bibsource = "http://www.ietf.org/rfc/rfc3775.txt",
	journal = "{RFC 3775}",
	publisher = "{IETF}",
	title = "{Mobility Support in IPv6}",
	year = "Jun. 2004."
}

@article{FMIPv6,
	author = "{R. Koodli}",
	bibsource = "http://www.ietf.org/rfc/rfc4068.txt",
	journal = "{RFC 4068}",
	title = "{Fast Handovers for Mobile IPv6}",
	year = "Jul. 2005."
}

@article{HIP,
	author = "{R. Moskowitz, P. Nikander}",
	bibsource = "http://www.ietf.org/rfc/rfc4423.txt",
	journal = "{RFC 4423}",
	title = "{Host Identity Protocol (HIP) Architecture}",
	year = "May. 2006."
}

@misc{IETF,
	title = "{Internet Engineering Task Force. http://www.ietf.org/}"
}

@article{RFC793,
	author = "Postel, J.",
	bibsource = "http://www.ietf.org/rfc/rfc793.txt",
	journal = "{RFC 793}",
	publisher = "{IETF}",
	title = "{Transmission Control Protocol}",
	year = "Sep. 1981."
}

@article{RFC4960,
	author = "Stewart, R.",
	bibsource = "http://www.ietf.org/rfc/rfc4960.txt",
	journal = "{RFC 4960}",
	publisher = "{IETF}",
	title = "{Stream Control Transmission Protocol}",
	year = "Sep. 2007."
}

@article{RFC4340,
	author = "Kohler, E. and Handley, M. and Floyd, S.",
	journal = "{RFC 4340}",
	publisher = "{IETF}",
	title = "{Datagram Congestion Control Protocol (DCCP)}",
	year = "Mar. 2006."
}

@article{RFC3234,
	author = "Carpenter, B. and Brim, S.",
	journal = "{RFC 3234}",
	publisher = "{IETF}",
	title = "{Middleboxes: Taxonomy and Issues}",
	year = "Feb. 2002."
}

@article{RFC3135,
	author = "J.Border and Kojo, M. and Griner, J. and Montenegro, G. and Shelby, Z.",
	journal = "{RFC 3135}",
	publisher = "{IETF}",
	title = "{Performance Enhancing Proxies Intended to Mitigate Link-Related Degradations}",
	year = "Jun. 2001."
}

@article{sctpsocket,
	author = "Stewart, R. and Xie, Q. and et al.",
	bibsource = "http://infonet.cse.kyutech.ac.jp/~ike/I-D/draft-ietf-tsvwg-sctpsocket-15.txt",
	journal = "Internet Draft",
	publisher = "{IETF}",
	title = "{Sockets API Extensions for Stream Control Transmission Protocol (SCTP)}",
	year = "Jul. 2007."
}

@article{TCPimmediate,
	author = "Eggert, L. and Schuetz, S. and Schmid, S.",
	bibsource = "http://tools.ietf.org/id/draft-eggert-tcpm-tcp-retransmit-now-02.txt",
	journal = "Internet Draft",
	publisher = "{IETF}",
	title = "{TCP Extensions for Immediate Retransmissions}",
	year = "Jun. 2005."
}

@article{MuPRSCTP1,
	author = "{Hongtao Wang, Yuehui Jin, Wendong Wang, Jian Ma and Dongmei Zhang}",
	journal = "{Communication Technology Proceedings, 2003. ICCT 2003. International Conference on}",
	title = "{The performance comparison of PRSCTP, TCP and UDP for MPEG-4 multimedia traffic in mobile network}",
	year = "Apr. 2003."
}

@article{MuPRSCTP2,
	author = "{Chung-Ming Huang, Ching-Hsien Tsai and Ming-Chi Tsai}",
	journal = "{The Computer Journal}",
	number = "{4}",
	pages = "{400--417}",
	title = "{Design and Implementation of Video Streaming Hot-plug between Wired and Wireless Networks Using SCTP}",
	volume = "{49}",
	year = "2006."
}

@article{ADVIPV6API,
	author = "{W. Stevens, M. Thomas}",
	bibsource = "http://www.ietf.org/rfc/rfc2292.txt",
	journal = "RFC 2292",
	publisher = "{IETF}",
	title = "{Advanced Sockets API for IPv6}",
	year = "Feb. 1998."
}

@article{OptDAD,
	author = "{N. Moore}",
	bibsource = "http://www.ietf.org/rfc/rfc4429.txt",
	journal = "{RFC 4429}",
	publisher = "{IETF}",
	title = "{Optimistic Dupricate Address Detection (DAD) for IPv6}",
	year = "Apr. 2006."
}

@article{ComputingRTO,
	author = "Paxson, V. and Allman, M.",
	journal = "{RFC 2988}",
	publisher = "{IETF}",
	title = "{Computing TCP's Retransmission Timer}",
	year = "Nov. 2000."
}

@article{quick-start,
	author = "Floyd, S. and Allman, M. and Jain, A. and Sarolahti, P.",
	journal = "{RFC 4782}",
	publisher = "{IETF}",
	title = "{Quick-Start for TCP and IP}",
	year = "Jan. 2007."
}

@article{quick-start-paper,
	author = "Sarolahti, P. and Allman, M. and Floyd, S.",
	issue = "7",
	journal = "{Computer Networks, Protocols for Fast, Long-Distance Networks }",
	pages = "1815--1832",
	title = "{Determining an appropriate sending rate over an underutilized network path}",
	volume = "51",
	year = "May. 2007."
}

@article{RFC1323,
	author = "Jacobson, V. and Braden, R. and Borman, D.",
	journal = "{RFC 1323}",
	publisher = "{IETF}",
	title = "{TCP Extensions for High Performance}",
	year = "May. 1992."
}

@article{RFC3758,
	author = "Stewart, R. and Ramalho, M. and et al.",
	bibsource = "http://www.ietf.org/rfc/rfc2960.txt",
	journal = "{RFC 3758}",
	publisher = "{IETF}",
	title = "{Stream Control Transmission Protocol (SCTP) Partial Reliability Extension}",
	year = "May. 2004."
}

@article{SCTPauth,
	author = "{M. Tuexen, R. Stewart, P. Lei and and E. Rescorla}",
	bibsource = "http://www.ietf.org/rfc/rfc4895.txt",
	journal = "{RFC 4895}",
	publisher = "{IETF}",
	title = "{Authenticated Chunks for the Stream Control Transmission Protocol (SCTP)}",
	year = "Aug. 2007."
}

@article{diffserv1,
	author = "{K. Nichols, S. Blake and et al.}",
	journal = "{RFC 2474}",
	title = "{Definition of the Differentiated Services Field (DS Field) in the IPv4 and IPv6 Headers}",
	url = "http://www.ietf.org/rfc/rfc2474.txt",
	year = "Dec. 1998."
}

@article{diffserv2,
	author = "{S. Blake, D. Black and et al.}",
	journal = "{RFC 2475}",
	title = "{An Architecture for Differentiated Services}",
	url = "http://www.ietf.org/rfc/rfc2475.txt",
	year = "Dec. 1998."
}

@article{ADDIP,
	author = "{R. Stewart, Q. Xie, M. Tuexen, S. Maruyama, M. Kozuka}",
	bibsource = "{http://www.rfc-editor.org/rfc/rfc5061.txt}",
	journal = "RFC 5061",
	publisher = "{IETF}",
	title = "{Stream Control Transmission Protocol (SCTP) Dynamic Address Reconfiguration}",
	year = "Sep. 2007."
}

@article{MobileIPandSCTP,
	author = "{S. J. Koh, Q. Xie}",
	bibsource = "http://infonet.cse.kyutech.ac.jp/~ike/I-D/draft-sjkoh-mobile-sctp-mobileip-02.txt",
	journal = "{Internet Draft}",
	publisher = "{IETF}",
	title = "{mSCTP with Mobile IP for Transport Layer Mobility}",
	year = "Aug. 2003."
}

@article{MultihomedTCP,
	author = "{Christian Huitema}",
	journal = "{Internet Draft (Expired)}",
	publisher = "{IETF}",
	title = "{Multi-homed TCP}",
	year = "May. 1995."
}

@article{MIPretrans,
	author = "{Ram{\'o}n C{\'a}ceres and Liviu Iftode}",
	journal = "{Selected Areas in Communications, IEEE Journal on}",
	number = "{5}",
	pages = "{850--857}",
	publisher = "{IEEE}",
	title = "{Improving the Performance of Reliable Transport Protocols in Mobile Computing Environments}",
	volume = "{13}",
	year = "{Jun. 1995}"
}

@misc{WLSIP,
	title = "{WebLogic SIP Server. http://e-docs.bea.com/wlcp/wlss31/}"
}

@misc{OpenSS7,
	title = "{OpenSS7 Project. http://www.openss7.org/}"
}

@misc{SCTPcode,
	title = "{SCTP BSD kernel implementation. http://www.sctp.org/}"
}

@misc{FBSD,
	title = "{The FreeBSD Project. http://www.freebsd.org/}"
}

@misc{WIDE,
	title = "{WIDE Project. http://www.wide.ad.jp/}"
}

@misc{SCTPWG,
	title = "{SCTP Working Group. http://www.wide.ad.jp/project /wg/sctp.html}"
}

@misc{move,
	title = "{move! Project. http://www.ht.sfc.keio.ac.jp/move/}"
}

@misc{ieee80211,
	title = "{IEEE 802.11 WIRELESS LOCAL AREA NETWORKS. http://www.ieee802.org/11/}"
}

@misc{ieee80216,
	title = "{{IEEE 802.16 WirelessMAN Standard} for {Wireless Metropolitan Area} {Networks.} http://www.ieee802.org/16/}"
}

@misc{WiMAX,
	title = "{{WiMAX}{ Forum.} {http://www.wimaxforum.org/}}"
}

@article{RFC2663,
	author = "{P. Srisuresh and M. Holdrege}",
	bibsource = "http://www.ietf.org/rfc/rfc2633.txt",
	journal = "{RFC 2663}",
	publisher = "{IETF}",
	title = "{IP Network Address Translator (NAT) Terminology and Considerations}",
	year = "Aug. 1999."
}

@misc{scapy,
	key = "scapy",
	note = "URL http://www.secdev.org/projects/scapy/",
	title = "{Scapy}"
}

@misc{libdnet,
	key = "libdnet",
	note = "URL http://libdnet.sourceforge.net/",
	title = "{Libdnet}"
}

@misc{python-libpcap,
	key = "python-libpcap",
	note = "URL http://sourceforge.net/projects/pylibpcap/",
	title = "{Python-Libpcap}"
}

@misc{youtube,
	key = "YouTube",
	note = "http://www.youtube.com",
	title = "{YouTube}"
}

@misc{planetlab,
	key = "planetlab",
	note = "URL http://www.planet-lab.org/",
	title = "{PlanetLab}"
}

@misc{ns2,
	key = "ns2",
	note = "URL http://www.isi.edu/nsnam/ns/",
	title = "{The Network Simulator - ns-2}"
}

@misc{ns3,
	key = "ns3",
	note = "URL http://www.nsnam.org/index.html",
	title = "{The ns-3 network simulator}"
}

@misc{imc11data,
	key = "dataset",
	note = "URL \url{http://web.sfc.wide.ad.jp/~micchie/mbox-dataset.html}",
	title = "{Dataset for Middlebox Measurement}"
}

@misc{SPDY,
	key = "SPDY",
	note = "{URL http://dev.chromium.org/spdy/spdy-whitepaper}",
	title = "{SPDY: An experimental protocol for a faster web}"
}

@article{GUT,
	author = "Manner, J. and Varis, N.",
	journal = "Internet Draft",
	publisher = "IETF",
	title = "{Generic UDP Tunnelling (GUT)}",
	year = "Sep. 2009."
}

@inproceedings{kim:tcp,
	acmid = "1298483",
	address = "Berkeley, CA, USA",
	author = "Kim, Hyong-youb and Rixner, Scott",
	booktitle = "{Proceedings of the 7th symposium on Operating systems design and implementation}",
	isbn = "1-931971-47-1",
	location = "Seattle, Washington",
	numpages = "14",
	pages = "293--306",
	publisher = "USENIX Association",
	series = "{OSDI '06}",
	title = "{Connection handoff policies for TCP offload network interfaces}",
	url = "http://portal.acm.org/citation.cfm?id=1298455.1298483",
	year = "2006"
}

@inproceedings{clark:vmmigr,
	author = "Keir, Christopher Clark and Clark, Christopher and Fraser, Keir and Steven, H and Hansen, Jacob Gorm and Jul, Eric and Limpach, Christian and Pratt, Ian and Warfield, Andrew",
	booktitle = "{In Proceedings of the 2nd ACM/USENIX Symposium on Networked Systems Design and Implementation (NSDI}",
	pages = "273--286",
	title = "{Live Migration of Virtual Machines}",
	year = "2005"
}

@article{click,
	author = "Kohler, Eddie and Morris, Robert and Chen, Benjie and Jahnotti, John and Kasshoek, M. Frans",
	journal = "ACM Transaction on Computer Systems",
	number = "3",
	pages = "263--297",
	title = "{The Click Modular Router}",
	volume = "18",
	year = "2000"
}

@inproceedings{VRCONEXT08,
	address = "Madrid, Spain",
	author = "Egi, Norbert and Greenhalgh, Adam and Handley, Mark and Hoerdt, Mickael and Huici, Felipe and Mathy, Laurent",
	booktitle = "{Proceedings of ACM CoNEXT 2008}",
	month = "December",
	title = "{Towards High Performance Virtual Routers on Commodity Hardware}",
	year = "2008"
}

@article{nox,
	acmid = "1384625",
	address = "New York, NY, USA",
	author = "Gude, Natasha and Koponen, Teemu and Pettit, Justin and Pfaff, Ben and Casado, Mart\\ '{\i}n and McKeown, Nick and Shenker, Scott",
	doi = "10.1145/1384609.1384625",
	issn = "0146-4833",
	issue = "3",
	journal = "SIGCOMM Comput. Commun. Rev.",
	keywords = "architecture",
	month = "July",
	numpages = "6",
	pages = "105--110",
	publisher = "ACM",
	title = "{NOX: towards an operating system for networks}",
	url = "http://doi.acm.org/10.1145/1384609.1384625",
	volume = "38",
	year = "2008"
}

@article{intel-vt-d,
	author = "Hiremane, Radhakrishna",
	journal = "Technology@Intel Magazine",
	month = "May",
	number = "10",
	title = "{Intel Virtualization Technology for Directed I/O (intel VT-d)}",
	volume = "4",
	year = "2007"
}

@techreport{StrideSched,
	author = "Waldspurger, Carl A. and Weihl., William E.",
	institution = "MIT Laboratory for Computer Science",
	month = "June",
	number = "MIT/CS/TM-528",
	title = "{Stride scheduling: deterministic proportional-share resource management.}",
	type = "",
	year = "1995"
}

@article{rfc1812,
	author = "Baker, F.",
	journal = "Request for Comments 1812",
	month = "June",
	note = "http://ftp.ietf.org/rfc/rfc1812.txt",
	title = "{Requirements for IP Version 4 routers}",
	year = "1995"
}

@article{VVB06,
	address = "Pisa, Italy",
	address2 = "New York, NY, USA",
	author = "Bavier, Andy and Feamster, Nick and Huang, Mark and Peterson, Larry and Rexford, Jennifer",
	booktitle = "{Proceedings of ACM SIGCOMM 2006}",
	doi = "10.1145/1151659.1159916",
	issn = "0146-4833",
	journal = "ACMSIGCOMM Comput. Commun. Rev.",
	month = "September",
	number = "4",
	pages = "3--14",
	publisher = "ACM Press",
	title = "{In VINI Veritas: Realistic and Controlled Network Experimentation}",
	volume = "36",
	year = "2006",
	year2 = "2006"
}

@inproceedings{Peterson99inter-astraffic,
	author = "Peterson, Larry",
	booktitle = "{in Proc. IEEE GLOBECOM}",
	title = "{Inter-AS traffic patterns and their implications}",
	year = "1999"
}

@article{Wallerich:2005:MSP:1064413.1064417,
	acmid = "1064417",
	address = "New York, NY, USA",
	author = "Wallerich, J{\"o}rg and Dreger, Holger and Feldmann, Anja and Krishnamurthy, Balachander and Willinger, Walter",
	doi = "10.1145/1064413.1064417",
	issn = "0146-4833",
	issue = "2",
	journal = "SIGCOMM Comput. Commun. Rev.",
	keywords = "Netflow",
	month = "April",
	numpages = "14",
	pages = "23--36",
	publisher = "ACM",
	title = "{A methodology for studying persistency aspects of internet flows}",
	url = "http://doi.acm.org/10.1145/1064413.1064417",
	volume = "35",
	year = "2005"
}

@inproceedings{Zhang02onthe,
	author = "Zhang, Yin and Breslau, Lee and Paxson, Vern and Shenker, Scott",
	booktitle = "{In ACM SIGCOMM}",
	pages = "309--322",
	title = "{On the Characteristics and Origins of Internet Flow Rates}",
	year = "2002"
}

@inproceedings{capabilities,
	author = "Yang, Xiaowei and Wetherall, David and Anderson, Thomas",
	booktitle = "{Proc. ACM SIGCOMM}",
	title = "{A DoS-limiting network architecture}",
	year = "2005"
}

@inproceedings{anteater,
	acmid = "2018470",
	address = "New York, NY, USA",
	author = "Mai, Haohui and Khurshid, Ahmed and Agarwal, Rachit and Caesar, Matthew and Godfrey, P. Brighten and King, Samuel Talmadge",
	booktitle = "{Proceedings of the ACM SIGCOMM 2011 conference on SIGCOMM}",
	doi = "10.1145/2018436.2018470",
	isbn = "978-1-4503-0797-0",
	keywords = "boolean satisfiability",
	location = "Toronto, Ontario, Canada",
	numpages = "12",
	pages = "290--301",
	publisher = "ACM",
	series = "{SIGCOMM '11}",
	title = "{Debugging the data plane with anteater}",
	url = "http://doi.acm.org/10.1145/2018436.2018470",
	year = "2011"
}

@inproceedings{tcpcrypt,
	acmid = "1929855",
	address = "Berkeley, CA, USA",
	author = "Bittau, Andrea and Hamburg, Michael and Handley, Mark and Mazi{\`e}res, David and Boneh, Dan",
	booktitle = "{Proceedings of the 19th USENIX conference on Security}",
	isbn = "888-7-6666-5555-4",
	location = "Washington, DC",
	numpages = "1",
	pages = "26--26",
	publisher = "USENIX Association",
	series = "{USENIX Security'10}",
	title = "{The case for ubiquitous transport-level encryption}",
	url = "http://dl.acm.org/citation.cfm?id=1929820.1929855",
	year = "2010"
}

@inproceedings{wang:wild,
	acmid = "1972438",
	address = "Berkeley, CA, USA",
	author = "Wang, Richard and Butnariu, Dana and Rexford, Jennifer",
	booktitle = "{Proceedings of the 11th USENIX conference on Hot topics in management of internet, cloud, and enterprise networks and services}",
	location = "Boston, MA",
	numpages = "1",
	pages = "12--12",
	publisher = "USENIX Association",
	series = "{Hot-ICE'11}",
	title = "{OpenFlow-based server load balancing gone wild}",
	url = "http://portal.acm.org/citation.cfm?id=1972422.1972438",
	year = "2011"
}

@article{nick:openflow,
	acmid = "1355746",
	address = "New York, NY, USA",
	author = "McKeown, Nick and Anderson, Tom and Balakrishnan, Hari and Parulkar, Guru and Peterson, Larry and Rexford, Jennifer and Shenker, Scott and Turner, Jonathan",
	doi = "10.1145/1355734.1355746",
	issn = "0146-4833",
	issue = "2",
	journal = "SIGCOMM Comput. Commun. Rev.",
	keywords = "ethernet switch",
	month = "March",
	numpages = "6",
	pages = "69--74",
	publisher = "ACM",
	title = "{OpenFlow: enabling innovation in campus networks}",
	url = "http://doi.acm.org/10.1145/1355734.1355746",
	volume = "38",
	year = "2008"
}

@inproceedings{vrouters_fairness,
	address = "Seattle, USA",
	author = "Egi, Norbert and Greenhalgh, Adam and Handley, Mark and Hoerdt, Mickael and i, Felipe Huic and Mathy, Laurent",
	booktitle = "{Proceedings of PRESTO'08}",
	month = "August",
	title = "{Fairness Issues in Software Virtual Routers}",
	year = "2008"
}

@article{ipopt,
	author = "Fonseca, R. and Porter, G. and Katz, R. and Shenker, S. and Stoica, I.",
	journal = "{Tech. Rep. UCB/EECS- 2005-24}",
	title = "{IP options are not an option}",
	year = "2005"
}

@article{tcpcrypt-draft,
	author = "Bittau, A. and Boneh, D. and Hamburg, M. and Handley, M. and Mazieres, D. and Slack, Q.",
	journal = "{draft-bittau-tcp-crypt-00.txt}",
	month = "July",
	title = "{Cryptographic protection of TCP Streams (tcpcrypt)}",
	year = "2010"
}

@inproceedings{raiciu11,
	author = "Raiciu, C. and Niculescu, D. and Handley, M. and Braun, M.",
	booktitle = "{Proc. ACM MobiArch}",
	title = "{Opportunistic Mobility with Multipath TCP}",
	year = "2011"
}

@inproceedings{wischik11,
	author = "Wischik, D. and Raiciu, C. and Greenhalgh, A. and Handley, M.",
	booktitle = "{Proc. USENIX NSDI}",
	title = "{Design, implementation and evaluation of congestion control for multipath TCP}",
	year = "2011"
}

@inproceedings{popa10,
	author = "Popa, L. and Ghodsi, A. and Stoica, I.",
	booktitle = "{Proc. ACM Hotnets}",
	title = "{HTTP as the Narrow Waist of the Future Internet}",
	year = "2010"
}

@inproceedings{John07,
	author = "John, W. and Tafvelin, S.",
	booktitle = "{Proc. ACM IMC}",
	doi = "10.1145/1298306.1298321",
	isbn = "978-1-59593-908-1",
	location = "San Diego, California, USA",
	pages = "111--116",
	title = "{Analysis of Internet Backbone Traffic and Header Anomalies Observed}",
	year = "2007"
}

@article{Thompson97,
	author = "Thompson, K. and Miller, G. J. and Wilder, R.",
	journal = "IEEE Network",
	month = "Nov.",
	pages = "10--23",
	title = "{Wide-Area Internet Traffic Patterns and Characteristics.}",
	year = "1997"
}

@unpublished{2007traffic,
	author = "Sullivan, M.",
	month = "Jan.",
	note = "URL http://www.lightreading.com/",
	publisher = "Light Reading",
	title = "{Surveys: Internet Traffic Touched by YouTube}",
	url = "http://www.lightreading.com/document.asp?doc%5C_id=115816&WT.svl=news2%5C_1",
	year = "2007"
}

@article{hitz94file,
	address = "San Fransisco, CA, USA",
	author = "Hitz, D. and Lau, J. and Malcolm, M.",
	journal = "Proceedings of the {USENIX} Winter 1994 Technical Conference",
	month = "17--21",
	pages = "235--246",
	title = "{File System Design for an {NFS} File Server Appliance}",
	url = "http://citeseer.ist.psu.edu/hitz95file.html",
	year = "1994"
}

@article{satyanarayanan90coda,
	author = "Satyanarayanan, M. and Kistler, James J. and Kumar, Puneet and Okasaki, Maria E. and Siegel, Ellen H. and Steere, David C.",
	journal = "IEEE Transactions on Computers",
	number = "4",
	pages = "447--459",
	title = "{Coda: A Highly Available File System for a Distributed Workstation Environment}",
	url = "http://citeseer.ist.psu.edu/satyanarayanan90coda.html",
	volume = "39",
	year = "1990"
}

@misc{mazires00selfcertifying,
	author = "Mazires, D.",
	text = "David Mazires, Self-certifying file system. PhD thesis, MIT, May 2000.",
	title = "{Self-certifying file system}",
	url = "http://citeseer.ist.psu.edu/mazieres00selfcertifying.html",
	year = "2000"
}

@article{F-RTO,
	address = "{New York, NY, USA}",
	author = "{Pasi Sarolahti and Markku Kojo and Kimmo Raatikainen}",
	doi = "10.1145/956981.956987",
	issn = "0146-4833",
	journal = "{SIGCOMM Comput. Commun. Rev.}",
	number = "2",
	pages = "51--63",
	publisher = "ACM",
	title = "{F-RTO: an enhanced recovery algorithm for TCP retransmission timeouts}",
	volume = "33",
	year = "2003"
}

@article{FTCP,
	author = "{Tom Goff, James Moronski, D. S. Phatak, Vipul Gupta}",
	journal = "{INFOCOM 2000. Nineteenth Annual Joint Conference of the IEEE Computer and Communications Societies. Proceedings. IEEE }",
	pages = "1537--1545",
	publisher = "IEEE",
	title = "{Freeze-TCP: A true end-to-end TCP enhancement mechanism for mobile environments}",
	volume = "3",
	year = "2000"
}

@article{HMIPv6,
	author = "{C. Castelluccia}",
	bibsource = "http://portal.acm.org/ft\_gateway.cfm?id=360474\&type=pdf\&coll=GUIDE\&dl=ACM\&CFID=11111111\&CFTOKEN=2222222",
	journal = "{SIGMOBILE Mob. Comput. Commun. Rev.}",
	title = "{HMIPv6: A hierarchical movile IPv6 protocol}",
	year = "2000"
}

@article{SHIM6,
	author = "Nordmark, E. and Bagnulo, M.",
	journal = "Internet Draft",
	month = "Dec.",
	publisher = "IETF",
	title = "{Shim6: Level 3 Multihoming Shim Protocol for IPv6}",
	year = "2008"
}

@article{SYNflood,
	address = "Los Alamitos, CA, USA",
	author = "Schuba, Christoph L. and Krsul, Ivan V. and Kuhn, Markus G. and spafford, Eugene H. and Sundaram, Aurobindo and Zamboni, Diego",
	doi = "10.1109/SECPRI.1997.601338",
	issn = "1540-7993",
	journal = "sp",
	pages = "0208",
	publisher = "IEEE Computer Society",
	title = "{Analysis of a Denial of Service Attack on TCP}",
	volume = "00",
	year = "1997"
}

@article{CCR09,
	address = "New York, NY, USA",
	author = "Greenhalgh, Adam and Huici, Felipe and Hoerdt, Mickael and Papadimitriou, Panagiotis and Handley, Mark and Mathy, Laurent",
	doi = "10.1145/1517480.1517484",
	issn = "0146-4833",
	journal = "SIGCOMM Comput. Commun. Rev.",
	number = "2",
	pages = "20--26",
	publisher = "ACM",
	title = "{Flow processing and the rise of commodity network hardware}",
	volume = "39",
	year = "2009"
}

@inproceedings{xen,
	address = "",
	author = "Barham, P. and Dragovic, B. and Fraser, K. and Hand, S. and Harris, T. and Ho, A. and R.Neugebauer and I.Pratt and Warfield, A.",
	booktitle = "{19th ACM Symposium on Operating Systems Principles}",
	doi = "10.1145/945445.945462",
	location = "Bolton Landing, NY, USA",
	month = "October",
	pages = "",
	publisher = "ACM Press",
	title = "{Xen and the art of virtualization}",
	year = "2003"
}

@inproceedings{RBRICKS,
	address = "Big Sky, MT, USA",
	author = "Dobrescu, Mihai and Egi, Norbert and Argyraki, Katerina and Chun, Byung-Gon and Fall, Kevin and Iannaccone, Gianluca and Knies, Allan and Manesh, Maziar and Ratnasamy, Sylvia",
	booktitle = "{Proceedings of USENIX SOSP 2009}",
	month = "October",
	title = "{RouteBricks: Exploiting Parallelism To Scale Software Routers}",
	year = "2009"
}

@inproceedings{PSHADER,
	address = "New Delhi, India",
	author = "Han, Sangjin and Jang, Keon and Park, KyoungSoo and Moon, Sue",
	booktitle = "{Proceedings of ACM SIGCOMM 2010}",
	month = "September",
	title = "{PacketShader: a GPU-Accelerated Software Router}",
	year = "2010"
}

@misc{tcp-behave,
	author = "Guha, S. and Biswas, K. and Ford, B. and Sivakumar, S. and Srisuresh, P.",
	howpublished = "RFC 5382 (Best Current Practice)",
	month = oct,
	number = "5382",
	organization = "Internet Engineering Task Force",
	publisher = "IETF",
	series = "{Request for Comments}",
	title = "{NAT Behavioral Requirements for TCP}",
	url = "http://www.ietf.org/rfc/rfc5382.txt",
	year = 2008
}

@misc{ecmp,
	author = "Zheng, Zhiruo Cao and Wang, Zheng and Zegura, Ellen",
	title = "{Performance of Hashing-Based Schemes for Internet Load Balancing}",
	year = "1999"
}

@inproceedings{DCCP,
	author = "Kohler, E. and Handley, M. and Floyd, S.",
	booktitle = "{Proc. ACM SIGCOMM '06}",
	doi = "10.1145/1159913.1159918",
	isbn = "1-59593-308-5",
	location = "Pisa, Italy",
	pages = "27--38",
	title = "{Designing DCCP: congestion control without reliability}",
	year = "2006"
}

@inproceedings{SST,
	author = "Ford, B.",
	booktitle = "{Proc. ACM SIGCOMM '07}",
	location = "Kyoto, Japan",
	pages = "361--372",
	title = "{Structured Streams: a New Transport Abstraction}",
	year = "2007"
}

@article{TCPLOO,
	author = "Eddy, W. and Langley, A.",
	journal = "Internet Draft",
	month = "Jul.",
	publisher = "{IETF}",
	title = "{Extending the Space Available for TCP Options}",
	year = "2008"
}

@article{TCPCT,
	author = "Simpson, W.",
	journal = "Internet Draft",
	month = "Feb.",
	publisher = "{IETF}",
	title = "{TCP Cookie Transactions (TCPCT)}",
	year = "2010"
}

@article{ProactiveDAD,
	address = "Los Alamitos, CA, USA",
	author = "Tseng, Chien-Chao and Wong, Yung-Chang and Yen, Li-Hsing and Hsu, Kai-Cheng",
	doi = "10.1109/MIC.2006.131",
	issn = "1089-7801",
	journal = "IEEE Internet Computing",
	number = "6",
	pages = "50--55",
	publisher = "IEEE Computer Society",
	title = "{Proactive DAD: A Fast Address-Acquisition Strategy for Mobile IPv6 Networks}",
	volume = "10",
	year = "2006"
}

@inproceedings{WFQ,
	address = "New York, NY, USA",
	author = "{A. Demers and S. Keshav and S. Shenker}",
	booktitle = "{SIGCOMM '89: Symposium proceedings on Communications architectures \& protocols}",
	doi = "10.1145/75246.75248",
	isbn = "0-89791-332-9",
	location = "Austin, Texas, United States",
	pages = "1--12",
	publisher = "ACM",
	title = "{Analysis and simulation of a fair queueing algorithm}",
	year = "1989"
}

@article{RFC2914,
	author = "Floyd, S.",
	journal = "{RFC 2914}",
	month = "Sep.",
	publisher = "{IETF}",
	title = "{Congestion Control Principles}",
	year = "2000"
}

@article{RFC2581,
	author = "Allman, M. and Paxson, V. and Stevens, W.",
	journal = "{RFC 2581}",
	month = "Oct.",
	publisher = "{IETF}",
	title = "{TCP Congestion Control}",
	year = "1999"
}

@article{RFC3390,
	author = "Allman, M. and Floyd, S. and Partridge, C.",
	journal = "{RFC 3390}",
	month = "Oct.",
	publisher = "{IETF}",
	title = "{Increasing TCP's Initial Window}",
	year = "2002"
}

@article{mSCTP,
	author = "{S. J. Koh, H. Y. Jung, J. H. Min}",
	bibsource = "http://ieeexplore.ieee.org/iel5/9073/28786/01292884.pdf",
	journal = "IEEE {ICACT}",
	pages = "{329--333}",
	publisher = "IEEE Compyter Society",
	title = "{Transport Layer Internet Mobility based on mSCTP}",
	volume = "{1}",
	year = "{2004}"
}

@article{DCSCTP,
	author = "{Andrew Kelly, Gabriel-Miro Muntean, Philip Perry, and John Murphy}",
	bibsource = "http://csiweb.ucd.ie/Staff/jmurphy/publications/711.pdf",
	journal = "{PERIODICA POLITECHNICA, Transactions on AUTOMATIC CONTROL and COMPUTER SCIENCE}",
	title = "{Delay-Centric Handover in SCTP over WLAN}",
	volume = "{49}",
	year = "{2004}"
}

@article{ChangSCTP,
	author = "{Moonjeong Chang, Meejeong Lee and Seokjoo Koh}",
	journal = "{IEICE Transactions on Communications}",
	pages = "{2548--2556}",
	title = "{Transport Layer Mobility Support Utilizing Link Signal Strength Information}",
	volume = "{87}",
	year = "{2004}"
}

@article{HIPretran,
	address = "New York, NY, USA",
	author = "Sch{\"u}tz, Simon and Eggert, Lars and Schmid, Stefan and Brunner, Marcus",
	doi = "10.1145/1070873.1070875",
	issn = "0146-4833",
	journal = "SIGCOMM Comput. Commun. Rev.",
	number = "3",
	pages = "5--18",
	publisher = "ACM Press",
	title = "{Protocol enhancements for intermittently connected hosts}",
	volume = "35",
	year = "2005"
}

@article{MultiNet,
	author = "{R. Chandra, P. Bahl, P. Bahl}",
	bibsource = "http://research.microsoft.com/users/bahl/Papers/Pdf/ieee\_infocom04.pdf",
	journal = "IEEE {INFOCOM}",
	title = "{MultiNet: Connecting to Multiple IEEE 802.11 Networks Using a Single Wireless Card}",
	year = "2004"
}

@article{WakeOnWireless,
	author = "{E. Shih, P. Bahl, M. J. Sinclair}",
	bibsource = "http://portal.acm.org/ft\_gateway.cfm?id=570666\&type=pdf\&coll=GUIDE\&dl=GUIDE\&CFID=70478506\&CFTOKEN=84581761",
	journal = "IEEE {MobiCom}",
	title = "{Wake on Wireless: An Event Driven Energy Saving Strategy for Battery Operated Devices}",
	year = "2002"
}

@article{80211b-measuring,
	author = "{C. Hoene, A. Gunther, A. Wolisz}",
	bibsource = "http://ieeexplore.ieee.org/iel5/8808/27859/01243198.pdf?isnumber=\&arnumber=1243198",
	journal = "IEEE {LCN}",
	title = "{Measuring the Impact of Slow User Motion on Packet Loss and Delay over IEEE 802.11b Wireless Links}",
	year = "2003"
}

@article{PortMIPv6,
	author = "{C. $\AA$hlund, R. Br{\"a}nnstr{\"o}m and et al.}",
	journal = "IEEE {LCN}",
	pages = "567--568",
	title = "{Port-based Multihomed Mobile IPv6 for Heterogeneous Networks}",
	year = "2006"
}

@article{80211b-flow,
	author = "{M. Heusse, F. Rousseau, G. Berger-Sabbatel, A. Duda}",
	bibsource = "http://ieeexplore.ieee.org/iel5/8585/27206/01208921.pdf?isnumber=\&arnumber=1208921",
	journal = "IEEE {INFOCOM}",
	title = "{Performance Anomaly of 802.11b}",
	year = "2003"
}

@inproceedings{Migrate-TCP,
	address = "New York, NY, USA",
	author = "Snoeren, Alex C. and Balakrishnan, Hari",
	booktitle = "{MobiCom '00: Proceedings of the 6th annual international conference on Mobile computing and networking}",
	doi = "10.1145/345910.345938",
	isbn = "1-58113-197-6",
	location = "Boston, Massachusetts, United States",
	pages = "155--166",
	publisher = "ACM Press",
	title = "{An end-to-end approach to host mobility}",
	year = "2000"
}

@article{TCP-R,
	address = "Los Alamitos, CA, USA",
	author = "Funato, D. and Yasuda, K. and Tokuda, H.",
	bibsource = "http://ieeexplore.ieee.org/iel4/5067/13855/00643720.pdf?arnumber=643720",
	doi = "10.1109/ICNP.1997.643720",
	issn = "1092-1648",
	journal = "ICNP",
	pages = "229",
	publisher = "IEEE Computer Society",
	title = "{TCP-R: TCP mobility support for continuous operation}",
	volume = "00",
	year = "1997"
}

@inproceedings{mTCP,
	author = "Zhang, M. and Lai, J. and Krishnamurthy, A. and Peterson, L. and Wang, R.",
	booktitle = "{Proc. USENIX ATC}",
	pages = "99--112",
	title = "{A Transport Layer Approach for Improving End-to-End Performance and Robustness Using Redundant Paths}",
	year = "2004"
}

@inproceedings{R-MTP,
	author = "{L. Magalhaes and R. Kravets}",
	booktitle = "{Proc. ICNP 2001}",
	doi = "10.1109/ICNP.2001.992896",
	isbn = "",
	pages = "0165",
	title = "{Transport Level Mechanisms for Bandwidth Aggregation on Mobile Hosts}",
	year = "2001"
}

@article{AMS,
	author = "Saito, S. and Tanaka, Y. and Kunishi, M. and Nishida, Y. and Teraoka, F.",
	journal = "{IEICE ToIS}",
	pages = "{2838--2847}",
	title = "{AMS: An Adaptive TCP Bandwidth Aggregation Mechanism for Multi-homed Mobile Hosts}",
	volume = "{89}",
	year = "{2006}"
}

@inproceedings{pTCP,
	author = "Hsieh, H.-Y. and Sivakumar, R.",
	booktitle = "{Proc. ACM MobiCom}",
	doi = "10.1145/570645.570656",
	isbn = "1-58113-486-X",
	pages = "83--94",
	title = "{A Transport Layer Approach for Achieving Aggregate Bandwidths on Multi-homed Mobile Hosts}",
	year = "2002"
}

@inproceedings{ChTCP,
	author = "Dong, Y. and Pissinou, N. and Wang, J.",
	booktitle = "{Proc. CNSR '07}",
	doi = "10.1109/CNSR.2007.23",
	isbn = "",
	month = "May",
	pages = "255--262",
	title = "{Concurrency Handling in TCP}",
	year = "2007"
}

@article{CMT,
	address = "Piscataway, NJ, USA",
	author = "Iyengar, J. R. and Amer, P. D. and Stewart, R.",
	doi = "10.1109/TNET.2006.882843",
	issn = "1063-6692",
	journal = "IEEE/ACM ToN",
	number = "5",
	pages = "951--964",
	publisher = "IEEE Press",
	title = "{Concurrent Multipath Transfer Using SCTP Multihoming Over Independent End-to-End Paths}",
	volume = "14",
	year = "2006"
}

@article{MPLOT,
	author = "{Sharma, V. and Kalyanaraman, S. and Kar, K. and Ramakrishnan, K.K. and Subramanian, V.}",
	doi = "10.1109/INFOCOM.2008.33",
	issn = "0743-166X",
	journal = "INFOCOM 2008. The 27th Conference on Computer Communications. IEEE",
	keywords = "bandwidth allocation",
	month = "April",
	number = "",
	pages = "121--125",
	title = "{MPLOT: A Transport Protocol Exploiting Multipath Diversity Using Erasure Codes}",
	volume = "",
	year = "2008"
}

@article{Rubenstein02,
	address = "Piscataway, NJ, USA",
	author = "Rubenstein, D. and Kurose, J. and Towsley, D.",
	doi = "10.1109/TNET.2002.1012369",
	issn = "1063-6692",
	journal = "IEEE/ACM ToN",
	number = "3",
	pages = "381--395",
	publisher = "IEEE Press",
	title = "{Detecting Shared Congestion of Flows Via End-to-End Measurement}",
	volume = "10",
	year = "2002"
}

@article{katabi99,
	author = "Katabi, D. and Bazzi, I. and Yang, X.",
	journal = "{In Class Project, MIT Laboratory for Computer Science}",
	title = "{An information theoretic approach for shared bottleneck inference based on end-to-end measurements}",
	year = "1999"
}

@article{M-MIP,
	author = "{C. $\AA$hlund, R. Br{\"a}nnstr{\"o}m and et al.}",
	journal = "{International Conference on Networking (ICN 2005)}",
	pages = "204--213",
	publisher = "LNCS",
	title = "{M-MIP: extended Mobile IP to maintain multiple connections to overlapping wireless access networks , to appear in ��International Conference on Networking}",
	volume = "3420",
	year = "2005"
}

@article{pTCPimpl,
	author = "{H.-Y Hsieh}, K. Kim and Sivakumar, R.",
	bibsource = "DBLP, http://dblp.uni-trier.de",
	ee = "http://dx.doi.org/10.1023/B:MONE.0000031604.71054.b3",
	journal = "MONET",
	number = "4",
	pages = "363--378",
	title = "{An End-To-End Approach for Transparent Mobility Across Heterogeneous Wireless Networks.}",
	volume = "9",
	year = "2004"
}

@article{MSOCKS,
	author = "{Maltz. D. A and Bhagwat. P}",
	bibsource = "http://research.microsoft.com/users/bahl/Papers/Pdf/ieee\_infocom04.pdf",
	journal = "IEEE {INFOCOM}",
	pages = "1037--1045",
	title = "{MSOCKS: an architecture for transport layer mobility}",
	volume = "{3}",
	year = "{1998}"
}

@inproceedings{MobileSocket,
	author = "{T. Okoshi, M. Mochizuki, Y. Tobe and H. Tokuda}",
	booktitle = "{Proceedings of IEEE 8th International Conference on Computer Communications and Networks}",
	month = "{10}",
	number = "",
	pages = "{50--57}",
	title = "{MobileSocket: Toward Continuous Operation for Java Applications}",
	volume = "",
	year = "{1999}"
}

@inproceedings{TCP-W,
	author = "Mascolo, S. and Casetti, C. and Gerla, M. and Sanadidi, M. Y. and Wang, R.",
	booktitle = "{Proc. ACM MobiCom}",
	pages = "287--297",
	title = "{TCP westwood: Bandwidth estimation for enhanced transport over wireless links}",
	year = "2001"
}

@article{Mibsocket,
	author = "{R. Wakikawa and K. Uehara and F Teraoka and J Murai}",
	bibsource = "http://www.sfc.wide.ad.jp/NACM/download/ryuji-ieice2001.pdf",
	journal = "IEICE Special Issue on Internet Technology",
	title = "{Mibsocket: An integrated mechanism to manipulate general network information in mobile}",
	year = "2001"
}

@article{JTCP,
	author = "{E. Hsiao-Kuang��Mei-Zhen Chan}",
	bibsource = "http://ieeexplore.ieee.org/iel5/49/28806/01295062",
	journal = "IEEE {Journal on Selected Areas in Communications}",
	title = "{{JTCP}:}",
	year = "2004"
}

@article{DelayJitter,
	author = "{T.C. Wong��J.W.Mark��K.C��Chua}",
	bibsource = "http://ieeexplore.ieee.org/iel5/7859/21639/01002670.pdf",
	journal = "IEEE {Vehicular Technology Conference. VTC Spring. IEEE 55th}",
	title = "{Delay Jitter Performance of Voice Traffic in a Cellular Wireless ATM Network}",
	year = "2002"
}

@article{DNIS,
	author = "{Jukka Ylitalo, Tony Jokikyyny and et al.}",
	journal = "IEEE {Proceedings of the 36th Hawaii International Conference on System Sciences (HICSS��03)}",
	month = "Jan",
	pages = "10--19",
	title = "{Dynamic Network Interface Selection in Multihomed Mobile Hosts}",
	year = "2003"
}

@inproceedings{SCTPhttp,
	author = "Natarajan, P. and Iyengar, J. and Amer, P. and Stewart, R.",
	booktitle = "{Proc. ACM WWW}",
	doi = "10.1145/1135777.1135867",
	isbn = "1-59593-323-9",
	location = "Edinburgh, Scotland",
	pages = "615--624",
	title = "{SCTP: An Innovative Transport Layer Protocol for The Web}",
	year = "2006"
}

@inproceedings{BIC,
	author = "Xu, L. and Harfoush, K. and Rhee, I.",
	booktitle = "{Proc. IEEE INFOCOM 2004}",
	issn = "0743-166X",
	month = "Mar.",
	number = "",
	pages = "2514--2524",
	title = "{Binary increase congestion control (BIC) for fast long-distance networks}",
	year = "2004"
}

@article{FAST,
	address = "Piscataway, NJ, USA",
	author = "Wei, David X. and Jin, Cheng and Low, Steven H. and Hegde, Sanjay",
	doi = "10.1109/TNET.2006.886335",
	issn = "1063-6692",
	journal = "IEEE/ACM Trans. Netw.",
	number = "6",
	pages = "1246--1259",
	publisher = "IEEE Press",
	title = "{FAST TCP: motivation, architecture, algorithms, performance}",
	volume = "14",
	year = "2006"
}

@inproceedings{normalize,
	author = "Handley, M. and Paxson, V. and Kreibich, C.",
	booktitle = "{Proc. USENIX Security Symposium}",
	location = "Washington, D.C.",
	title = "{Network intrusion detection: evasion, traffic normalization, and end-to-end protocol semantics}",
	year = "2001"
}

@inproceedings{Balakrishnan95,
	author = "Balakrishnan, H. and Seshan, S. and Amir, E. and Katz, R.",
	booktitle = "{Proc. ACM MOBICOM}",
	pages = "2--11",
	title = "{Improving TCP/IP Performance over Wireless Networks}",
	year = "1995"
}

@inproceedings{PF,
	address = "Berkeley, CA, USA",
	author = "Hartmeier, D.",
	booktitle = "{Proc. USENIX 2002 Annual Technical Conference, Freenix Track}",
	pages = "171--180",
	publisher = "USENIX Association",
	title = "{Design and Performance of the OpenBSD Stateful Packet Filter (pf)}",
	year = "2002"
}

@article{Watson04,
	author = "Watson, D. and Smart, M. and Malan, G. R. and Jahanian, F.",
	journal = "IEEE/ACM ToN",
	number = "2",
	pages = "261--273",
	title = "{Protocol Scrubbing: Network Security Through Transparent Flow Modification}",
	volume = "12",
	year = "2004"
}

@inproceedings{Paxson97,
	author = "Paxson, V.",
	booktitle = "{Proc. ACM SIGCOMM}",
	pages = "139--152",
	title = "{End-to-End Internet Packet Dynamics}",
	year = "1997"
}

@article{Allman03,
	address = "New York, NY, USA",
	author = "Allman, M.",
	issn = "0146-4833",
	journal = "ACM IMC",
	number = "2",
	pages = "307--312",
	title = "{On the Performance of Middleboxes}",
	volume = "35",
	year = "2003"
}

@inproceedings{Sting,
	author = "Savage, S.",
	booktitle = "{USENIX USITS}",
	title = "{Sting: a TCP-based Network Measurement Tool}",
	year = "1999"
}

@article{Savage99,
	author = "Savage, S. and Cardwell, N. and Wetherall, D. and Anderson, T.",
	journal = "ACM CCR",
	number = "5",
	pages = "71--78",
	title = "{TCP Congestion Control with a Misbehaving Receiver}",
	volume = "29",
	year = "1999"
}

@inproceedings{Padhye01,
	author = "Padhye, J. and Floyd, S.",
	booktitle = "{ACM SIGCOMM}",
	month = "Oct.",
	pages = "287--298",
	title = "{On Inferring TCP Behavior}",
	year = "2001"
}

@article{homegw,
	author = "H{\"a}t{\"o}nen, S. and Nyrhinen, A. and Eggert, L. and Strowes, S. and Sarolahti, P. and Kojo, M.",
	journal = "ACM IMC",
	pages = "260--266",
	title = "{An Experimental Study of Home Gateway}",
	year = "2010"
}

@article{Ford05,
	author = "Ford, B. and Srisuresh, P. and Kegel, D.",
	journal = "USENIX ATC",
	pages = "",
	title = "{Peer-to-Peer Communication Across Network Address Translators}",
	year = "2005"
}

@article{Guha05,
	author = "Guha, S. and Francis, P.",
	journal = "ACM IMC",
	pages = "199--211",
	title = "{Characterization and measurement of TCP traversal through NATs and firewalls}",
	year = "2005"
}

@misc{NMAP,
	author = "{Fyodor}",
	key = "NMAP",
	note = "URL http://www.insecure.org/nmap/nmap-fingerprinting-article.html",
	title = "{Remote OS detection via TCP/IP Stack FingerPrinting}",
	year = "1998"
}

@article{RFC2018,
	author = "Mathis, M. and Mahdavi, J. and Floyd, S. and Romanow, A.",
	bibsource = "http://www.ietf.org/rfc/rfc2018.txt",
	journal = "{RFC 2018}",
	month = "Oct.",
	publisher = "{IETF}",
	title = "{TCP Selective Acknowledgment Options}",
	year = "1996"
}

@inproceedings{l4intface,
	address = "New York, NY, USA",
	author = "{L. Eggert and W. Eddy}",
	booktitle = "{Proc. MobiArch '06}",
	doi = "10.1145/1186699.1186719",
	isbn = "1-59593-566-5",
	location = "San Francisco, California",
	month = "Dec.",
	pages = "71--74",
	publisher = "ACM",
	title = "{Towards more expressive transport-layer interfaces}",
	year = "2006"
}

@article{MulTCP,
	author = "Crowcroft, J. and Oechslin, P.",
	doi = "10.1145/293927.293930",
	issn = "0146-4833",
	journal = "ACM CCR",
	number = "3",
	pages = "53--69",
	title = "{Differentiated End-to-End Internet Services using a Weighted Proportional Fair Sharing TCP}",
	volume = "28",
	year = "1998"
}

@article{PA-MulTCP,
	address = "New York, NY, USA",
	author = "Kuo, F. and Fu, X.",
	doi = "10.1145/1341431.1341434",
	issn = "0146-4833",
	journal = "ACM Computer Communication Review",
	month = "Jan",
	number = "1",
	pages = "17--28",
	publisher = "ACM",
	title = "{Probe-Aided MulTCP: an aggregate congestion control mechanism}",
	volume = "38",
	year = "2008"
}

@inproceedings{Ott04,
	author = "Ott, D. and Sparks, T. and Mayer-Patel, K.",
	booktitle = "{Proc. IEEE INFOCOM}",
	doi = "10.1109/INFCOM.2004.1354477",
	issn = "0743-166X",
	number = "",
	pages = "13--23",
	title = "{Aggregate Congestion Control for Distributed Multimedia Applications}",
	year = "2004"
}

@article{Ott07,
	address = "New York, NY, USA",
	author = "Ott, D. and Mayer-Patel, K.",
	doi = "10.1145/1236471.1236476",
	issn = "1551-6857",
	journal = "ACM TOMCCAP",
	number = "3",
	pages = "17",
	publisher = "ACM",
	title = "{An Open Architecture for Transport-Level Protocol Coordination in Distributed Multimedia Applications}",
	volume = "3",
	year = "2007"
}

@inproceedings{MPAT,
	author = "Singh, M. and Pradhan, P. and Francis, P.",
	booktitle = "{Proc. ICNP}",
	doi = "10.1109/ICNP.2004.1348102",
	issn = "1092-1648",
	number = "",
	pages = "129--138",
	title = "{MPAT: Aggregate TCP Congestion Management as a Building Block for Internet QoS}",
	volume = "",
	year = "2004"
}

@inproceedings{Chakravorty03,
	author = "Chakravorty, R. and Katti, S. and Crowcroft, J. and Pratt, I.",
	booktitle = "{Proc. IEEE INFOCOM}",
	issn = "0743-166X",
	number = "",
	pages = "1754--1764",
	title = "{Flow Aggregation for Enhanced TCP over Wide-Area Wireless}",
	volume = "",
	year = "2003"
}

@article{E-TCP,
	address = "New York, NY, USA",
	author = "Eggert, L. and Heidemann, J. and Touch, J.",
	doi = "10.1145/505688.505691",
	issn = "0146-4833",
	journal = "ACM CCR",
	number = "1",
	pages = "15--29",
	publisher = "ACM",
	title = "{Effects of Ensemble-TCP}",
	volume = "30",
	year = "2000"
}

@article{Floyd99,
	address = "Piscataway, NJ, USA",
	author = "Floyd, S. and Fall, K.",
	doi = "10.1109/90.793002",
	issn = "1063-6692",
	journal = "IEEE/ACM Trans. on Networking",
	number = "4",
	pages = "458--472",
	publisher = "IEEE Press",
	title = "{Promoting the use of end-to-end congestion control in the Internet}",
	volume = "7",
	year = "1999"
}

@article{mathis97,
	address = "New York, NY, USA",
	author = "Mathis, M. and Semke, J. and Mahdavi, J. and Ott, T.",
	doi = "10.1145/263932.264023",
	issn = "0146-4833",
	journal = "ACM Computer Communication Review",
	month = "Jul",
	number = "3",
	pages = "67--82",
	publisher = "ACM",
	title = "{The macroscopic behavior of the TCP congestion avoidance algorithm}",
	volume = "27",
	year = "1997"
}

@inproceedings{Rhee05,
	address = "New York, NY, USA",
	author = "Rhee, I. and Xu, L.",
	booktitle = "{SIGCOMM '05: Proceedings of the 2005 conference on Applications, technologies, architectures, and protocols for computer communications}",
	doi = "10.1145/1080091.1080099",
	isbn = "1-59593-009-4",
	issn = "1063-6692",
	journal = "IEEE/ACM ToN",
	location = "Philadelphia, Pennsylvania, USA",
	number = "4",
	pages = "49--60",
	publisher = "ACM",
	title = "{Limitations of Equation-based Congestion Control}",
	volume = "15",
	year = "2005"
}

@article{Floyd00,
	address = "New York, NY, USA",
	author = "Floyd, S. and Handley, M. and Padhye, J. and Widmer, J.",
	doi = "10.1145/347057.347397",
	issn = "0146-4833",
	journal = "ACM Computer Communication Review",
	month = "Oct.",
	number = "4",
	pages = "43--56",
	publisher = "ACM",
	title = "{Equation-based congestion control for unicast applications}",
	volume = "30",
	year = "2000"
}

@unpublished{Floyd00-aimd,
	author = "Floyd, S. and Handley, M. and Padhye, J.",
	note = "{URL http://www.icir.org/tfrc/}",
	title = "{A Comparison of Equation-Based and AIMD Congestion Control}",
	year = "2000"
}

@inproceedings{Padhye98,
	author = "Padhye, J. and Firoiu, V. and Towsley, D. and Kurose, J.",
	booktitle = "{Proc. ACM SIGCOMM}",
	doi = "10.1145/285243.285291",
	issn = "0146-4833",
	month = "Aug.",
	pages = "303--314",
	title = "{Modeling TCP Throughput: A Simple Model and its Empirical Validation}",
	year = "1998"
}

@article{Kelly05,
	author = "Kelly, F. P. and Voice, T.",
	doi = "10.1145/1064413.1064415",
	issn = "0146-4833",
	journal = "ACM CCR",
	month = "Apr.",
	number = "2",
	pages = "5--12",
	title = "{Stability of End-to-End Algorithms for Joint Routing and Rate Control}",
	volume = "35",
	year = "2005"
}

@article{Han06,
	address = "Piscataway, NJ, USA",
	author = "Han, H. and Shakkottai, S. and Hollot, C. V. and Srikant, R. and Towsley, D.",
	doi = "10.1109/TNET.2006.886738",
	issn = "1063-6692",
	journal = "IEEE/ACM Trans. on Networking",
	number = "6",
	pages = "1260--1271",
	publisher = "IEEE Press",
	title = "{Multi-path TCP: a joint congestion control and routing scheme to exploit path diversity in the internet}",
	volume = "14",
	year = "2006"
}

@article{Kelly03,
	author = "Kelly, Frank",
	issn = "0947-3580",
	journal = "European Journal of Control",
	pages = "159--176",
	title = "{Fairness and stability of end-to-end congestion control}",
	volume = "9",
	year = "2003"
}

@inproceedings{Voice06,
	address = "New York, NY, USA",
	author = "Voice, Thomas",
	booktitle = "{valuetools '06: Proceedings of the 1st international conference on Performance evaluation methodolgies and tools}",
	doi = "10.1145/1190095.1190167",
	isbn = "1-59593-504-5",
	location = "Pisa, Italy",
	pages = "56",
	publisher = "ACM",
	title = "{Stability of multi-path dual congestion control algorithms}",
	year = "2006"
}

@inproceedings{Key06,
	author = "Key, P. and Massoulie, L. and Towsley, D.",
	booktitle = "{Proc. CISS}",
	doi = "10.1109/CISS.2006.286490",
	issn = "",
	number = "",
	pages = "345--350",
	title = "{Combining Multipath Routing and Congestion Control for Robustness}",
	volume = "",
	year = "2006"
}

@article{Key07-alt,
	author = "Key, P. and Massoulie, L. and Towsley, D.",
	doi = "10.1109/ICASSP.2007.367326",
	issn = "1520-6149",
	journal = "Acoustics, Speech and Signal Processing, 2007. ICASSP 2007. IEEE International Conference on",
	month = "Apr.",
	number = "",
	pages = "IV--1341--IV--1344",
	title = "{Multipath Routing, Congestion Control and Dynamic Load Balancing}",
	volume = "4",
	year = "2007"
}

@inproceedings{Key07,
	author = "Key, P. and Massoulie, L. and Towsley, D.",
	booktitle = "{Proc. IEEE INFOCOM 2007}",
	doi = "10.1109/INFCOM.2007.25",
	issn = "0743-166X",
	month = "May",
	number = "",
	pages = "143--151",
	title = "{Path Selection and Multipath Congestion Control}",
	volume = "",
	year = "2007"
}

@article{STCP,
	author = "Kelly, T.",
	doi = "10.1145/956981.956989",
	issn = "0146-4833",
	journal = "ACM Computer Communication Review",
	month = "Apr.",
	number = "2",
	pages = "83--91",
	title = "{Scalable TCP: improving performance in highspeed wide area networks}",
	volume = "33",
	year = "2003"
}

@article{TCPtrunk,
	author = "Kung, H.T. and Wang, S.Y.",
	issn = "1092-1648",
	journal = "Network Protocols, 1999. (ICNP '99) Proceedings. Seventh International Conference on",
	month = "Oct.-3 Nov.",
	number = "",
	pages = "222--231",
	title = "{TCP trunking: design, implementation and performance}",
	volume = "",
	year = "1999"
}

@article{Lakshman97,
	address = "Piscataway, NJ, USA",
	author = "Lakshman, T. V. and Madhow, U.",
	doi = "10.1109/90.611099",
	issn = "1063-6692",
	journal = "IEEE/ACM Trans. on Networking",
	number = "3",
	pages = "336--350",
	publisher = "IEEE Press",
	title = "{The performance of TCP/IP for networks with high bandwidth-delay products and random loss}",
	volume = "5",
	year = "1997"
}

@inproceedings{CTCP,
	author = "Tan, K. and Song, J. and Zhang, Q. and Sridharan, M.",
	booktitle = "{Proc. IEEE INFOCOM}",
	doi = "10.1109/INFOCOM.2006.188",
	issn = "0743-166X",
	number = "",
	pages = "1--12",
	title = "{A Compound TCP Approach for High-Speed and Long Distance Networks}",
	volume = "",
	year = "2006"
}

@inproceedings{Gummadi04,
	author = "Gummadi, K. and Madhyastha, H. and Gribble, S. and Levy, H. and Wetherall, D.",
	booktitle = "{Proc. USENIX OSDI 2004}",
	month = "Dec.",
	series = "{6}",
	title = "{Improving the Reliability of Internet Paths with One-hop Source Routing}",
	year = "2004"
}

@article{Briscoe07,
	address = "New York, NY, USA",
	author = "Briscoe, B.",
	doi = "10.1145/1232919.1232926",
	issn = "0146-4833",
	journal = "ACM CCR",
	number = "2",
	pages = "63--74",
	publisher = "ACM",
	title = "{Flow Rate Fairness: Dismantling a Religion}",
	volume = "37",
	year = "2007"
}

@article{Briscoe05,
	author = "Briscoe, B. and Jacquet, A. and Cairano-Gilfedder, C. and Salvatori, A. and Soppera, A. and Koyabe, M.",
	doi = "10.1145/1090191.1080124",
	issn = "0146-4833",
	journal = "ACM CCR",
	number = "4",
	pages = "277--288",
	title = "{Policing Congestion Response in an Internetwork using Re-feedback}",
	volume = "35",
	year = "2005"
}

@article{OSI7,
	author = "Zimmermann, H.",
	journal = "IEEE Transactions on Communications",
	number = "4",
	pages = "2--9",
	title = "{OSI reference model -- the ISO model of architecture for open systems interconnection}",
	volume = "28",
	year = "1988"
}

@article{Saltzer84,
	author = "Saltzer, J. and Reed, D. and Clark, D.",
	journal = "ACM Transactions on Computer Systems",
	number = "4",
	pages = "277--288",
	title = "{End-To-End Arguments in System Design}",
	volume = "2",
	year = "84"
}

@article{RED,
	address = "Piscataway, NJ, USA",
	author = "Floyd, S. and Jacobson, V.",
	doi = "10.1109/90.251892",
	issn = "1063-6692",
	journal = "IEEE/ACM Trans. on Networking",
	number = "4",
	pages = "397--413",
	publisher = "IEEE Press",
	title = "{Random early detection gateways for congestion avoidance}",
	volume = "1",
	year = "1993"
}

@inproceedings{Balakrishnan99,
	author = "Balakrishnan, H. and Rahul, H. and Seshan, S.",
	booktitle = "{Proc. ACM SIGCOMM}",
	isbn = "1-58113-135-6",
	pages = "175--187",
	title = "{An Integrated Congestion Management Architecture for Internet Hosts}",
	year = "1999"
}

@article{Floyd91,
	address = "New York, NY, USA",
	author = "Floyd, S.",
	doi = "10.1145/122431.122434",
	issn = "0146-4833",
	journal = "ACM Computer Communication Review",
	number = "5",
	pages = "30--47",
	publisher = "ACM",
	title = "{Connections with multiple congested gateways in packet-switched networks part 1: one-way traffic}",
	volume = "21",
	year = "1991"
}

@article{Honda-mthesis,
	author = "Honda, M.",
	journal = "M.S. Thesis, Keio University, Japan",
	month = "Feb.",
	title = "{Bidimensional-Probe Multipath Congestion Control for Shared Bottleneck Fairness}",
	year = "2009"
}

@article{wischik08,
	address = "New York, NY, USA",
	author = "Wischik, D. and Handley, M. and Bagnulo, M.",
	doi = "10.1145/1452335.1452342",
	issn = "0146-4833",
	journal = "ACM CCR",
	number = "5",
	pages = "47--52",
	publisher = "ACM",
	title = "{The Resource Pooling Principle}",
	volume = "38",
	year = "2008"
}

@inproceedings{RPP,
	author = "Honda, M. and Balandina, E. and Sarolahti, P. and Eggert, L.",
	booktitle = "{Proc. IEEE GIS}",
	month = "Apr.",
	title = "{Designing a Resource Pooling Transport Protocol}",
	year = "2009"
}

@article{Honda09,
	author = "Honda, M. and Nishida, Yoshifumi and Eggert, Lars and Sarolahti, Pasi and Tokuda, Hideyuki",
	journal = "Proc. PFLDNeT",
	month = "May.",
	pages = "19--24",
	title = "{Multipath Congestion Control for Shared Bottleneck}",
	year = "2009"
}

@inproceedings{Hacker04,
	author = "Hacker, T.J. and Noble, B.D. and Athey, B.D.",
	booktitle = "{Proc. IEEE INFOCOM}",
	month = "Mar.",
	pages = "2480--2489",
	title = "{Improving Throughput and Maintaining Fairness using Parallel TCP}",
	year = "2004"
}

@inproceedings{NFSv3,
	author = "Pawlowski, B. and Juszczak, C. and Staubach, P. and Smith, C. and Lebel, D. and Hitz, D.",
	booktitle = "{Proc. Summer USENIX Conference}",
	pages = "137--152",
	title = "{NFS Version 3 Design and Implementation}",
	year = "1994"
}

@inproceedings{TNG,
	author = "Ford, B. and Iyengar, J.",
	booktitle = "{Proc. ACM HOTNETS}",
	title = "{Breaking up the transport logjam}",
	year = "2008"
}

@inproceedings{Vogt09,
	author = "C.�Vogt",
	title = "{Simplifying Internet Applications Development}",
	year = "2009"
}

@inproceedings{RNA,
	author = "Touch, J. and Pingali, V.",
	booktitle = "{Proc. IEEE ICCCN}",
	title = "{The RNA Metaprotocol}",
	year = "2008"
}

@inproceedings{RDP,
	author = "Partridge, C.",
	booktitle = "{Proc. USENIX Summer Conference}",
	title = "{Implementing the reliable data protocol (RDP)}",
	year = "1987"
}

@inproceedings{xKernel,
	author = "Hutchinson, N. and Peterson, L.",
	booktitle = "{IEEE Transactions on Software Engineering}",
	number = "1",
	pages = "64--76",
	title = "{The X-Kernel: An Architecture for Implementing Network Protocols}",
	volume = "17",
	year = "1991"
}

@article{RFC4987,
	author = "Eddy, W.",
	bibsource = "http://www.ietf.org/rfc/rfc4960.txt",
	journal = "{RFC 4987}",
	month = "Aug.",
	publisher = "{IETF}",
	title = "{TCP SYN Flooding Attacks and Common Mitigations}",
	year = "2007"
}

@article{RFC2385,
	author = "Heffernan, A.",
	journal = "{RFC 2385}",
	month = "{Aug.}",
	publisher = "{IETF}",
	title = "{Protection of BGP Sessions via the TCP MD5 Signature Option}",
	year = "{1998}"
}

@article{RFC5482,
	author = "Eggert, L. and Gont, F.",
	journal = "{RFC 5482}",
	month = "Mar.",
	publisher = "{IETF}",
	title = "{TCP User Timeout Option}",
	year = "2009"
}

@article{RFC4782,
	author = "Floyd, S. and Allman, M. and Jain, A. and Sarolahti, P.",
	journal = "{RFC 4782}",
	month = "Jan.",
	publisher = "{IETF}",
	title = "{Quick-Start for TCP and IP}",
	year = "2007"
}

@inproceedings{Balakrishnan98,
	author = "Balakrishnan, H. and Padmanabhan, V. and Seshan, S. and Stemm, M. and Katz, R.",
	booktitle = "{Proc. IEEE INFOCOM}",
	pages = "252--262",
	title = "{TCP Behavior of a Busy Intemet Server: Analysis and Improvements}",
	volume = "1",
	year = "1998"
}

@inproceedings{Medina04,
	address = "New York, NY, USA",
	author = "Medina, A. and Allman, M. and Floyd, S.",
	booktitle = "{ACM IMC}",
	doi = "10.1145/1064413.1064418",
	issn = "0146-4833",
	journal = "ACM CCR",
	number = "2",
	pages = "336--341",
	publisher = "ACM",
	title = "{Measuring interactions between transport protocols and middleboxes}",
	volume = "35",
	year = "2004"
}

@article{Hayes08,
	author = "Hayes, D. and But, J. and Armitage, G.",
	journal = "ACM CCR",
	number = "1",
	pages = "23--33",
	title = "{Issues with network address translation for SCTP}",
	volume = "39",
	year = "2008"
}

@inproceedings{ITCP,
	author = "Bakre, A. and Badrinath, B.",
	booktitle = "{Proc. IEEE ICDCS}",
	pages = "136--143",
	title = "{I-TCP: Indirect TCP for Mobile Hosts}",
	year = "1995"
}

@article{Bickhart05,
	author = "Bickhart, R.",
	journal = "M.S. Thesis, University of Delaware, U.S.",
	title = "{TRANSPARENT TCP-TO-SCTP TRANSLATION SHIM LAYER}",
	year = "2005"
}

@article{Plan9,
	author = "Pike, R. and Presotto, D. and Dorward, S. and Flandrena, B. and Thompson, K. and Trickey, H. and Winterbottom, P.",
	journal = "Computing Systems",
	number = "3",
	pages = "221--254",
	title = "{Plan 9 from Bell Labs}",
	volume = "8",
	year = "1995"
}

@inproceedings{Inferno,
	author = "Dorward, S. and Pike, R. and Presotto, D. and Ritchie, D. and Trickey, H. and Winterbottom, P.",
	booktitle = "{IEEE COMPCON}",
	pages = "241",
	title = "{Inferno}",
	year = "1997"
}




@inproceedings{mptcp-cc-nsdi,
 author = {Wischik, Damon and Raiciu, Costin and Greenhalgh, Adam and Handley, Mark},
 title = {Design, implementation and evaluation of congestion control for multipath TCP},
 booktitle = {Proceedings of the 8th USENIX conference on Networked systems design and implementation},
 series = {NSDI'11},
 year = {2011},
 location = {Boston, MA},
 pages = {8--8},
 numpages = {1},
 url = {http://dl.acm.org/citation.cfm?id=1972457.1972468},
 acmid = {1972468},
 publisher = {USENIX Association},
 address = {Berkeley, CA, USA},
} 

@inproceedings{mptcp-nsdi,
 author = {Raiciu, Costin and Paasch, Christoph and Barre, Sebastien and Ford, Alan and Honda, Michio and Duchene, Fabien and Bonaventure, Olivier and Handley, Mark},
 title = {How hard can it be? designing and implementing a deployable multipath TCP},
 booktitle = {Proceedings of the 9th USENIX conference on Networked Systems Design and Implementation},
 series = {NSDI'12},
 year = {2012},
 location = {San Jose, CA},
 pages = {29--29},
 numpages = {1},
 url = {http://dl.acm.org/citation.cfm?id=2228298.2228338},
 acmid = {2228338},
 publisher = {USENIX Association},
 address = {Berkeley, CA, USA},
} 

@article{click,
  author = {Eddie Kohler and Robert Morris and Benjie Chen and John Jahnotti and M. Frans Kasshoek},
  title = {The Click Modular Router},
  journal = {ACM Transaction on Computer Systems},
  volume = {18},
  number = {3},
  year = {2000},
  pages = {263-297},
}
@inproceedings{clickos-hotsdn,
  author    = {Joao Martins and
               Mohamed Ahmed and
               Costin Raiciu and
               Felipe Huici},
  title     = {Enabling fast, dynamic network processing with clickOS},
  booktitle = {HotSDN},
  year      = {2013},
  pages     = {67-72},
  ee        = {http://doi.acm.org/10.1145/2491185.2491195},
  crossref  = {DBLP:conf/sigcomm/2013hotsdn},
  bibsource = {DBLP, http://dblp.uni-trier.de}
}



@inproceedings{tailender_imc09, 
 author = {Balasubramanian, Niranjan and Balasubramanian, Aruna and Venkataramani, Arun},
 title = {Energy consumption in mobile phones: a measurement study and implications for network applications},
 booktitle = {Proc. IMC},
 year = {2009},
 isbn = {978-1-60558-771-4},
 location = {Chicago, Illinois, USA},
 numpages = {14},
 url = {http://doi.acm.org/10.1145/1644893.1644927},
 doi = {http://doi.acm.org/10.1145/1644893.1644927},
 acmid = {1644927},
 publisher = {ACM},
} 


@inproceedings{fatvap_nsdi08,
 author = {Kandula, Srikanth and Lin, Kate Ching-Ju and Badirkhanli, Tural and Katabi, Dina},
 title = {FatVAP: aggregating AP backhaul capacity to maximize throughput},
 booktitle = {Proceedings of the 5th USENIX Symposium on Networked Systems Design and Implementation},
 series = {NSDI'08},
 year = {2008},
 isbn = {111-999-5555-22-1},
 location = {San Francisco, California},
 pages = {89--104},
 numpages = {16},
 url = {http://dl.acm.org/citation.cfm?id=1387589.1387596},
 acmid = {1387596},
 publisher = {USENIX Association},
 address = {Berkeley, CA, USA},
} 



@article{juggler_tmc10,
 author = {Nicholson, Anthony J. and Wolchok, Scott and Noble, Brian D.},
 title = {Juggler: Virtual Networks for Fun and Profit},
 journal = {IEEE Transactions on Mobile Computing},
 issue_date = {January 2010},
 volume = {9},
 number = {1},
 month = jan,
 year = {2010},
 issn = {1536-1233},
 pages = {31--43},
 numpages = {13},
 url = {http://dx.doi.org/10.1109/TMC.2009.97},
 doi = {10.1109/TMC.2009.97},
 acmid = {1687074},
 publisher = {IEEE Educational Activities Department},
 address = {Piscataway, NJ, USA},
 keywords = {Juggler., Wireless communication, Wireless communication, mobile computing, virtual networks, Juggler., mobile computing, virtual networks},
} 



@inproceedings{mptcp_dc11,
 author = {Raiciu, Costin and Barre, Sebastien and Pluntke, Christopher and Greenhalgh, Adam and Wischik, Damon and Handley, Mark},
 title = {Improving Datacenter Performance and Robustness with Multipath TCP},
 booktitle = {Proceedings of the ACM SIGCOMM 2011 Conference},
 series = {SIGCOMM '11},
 year = {2011},
 isbn = {978-1-4503-0797-0},
 location = {Toronto, Ontario, Canada},
 pages = {266--277},
 numpages = {12},
 url = {http://doi.acm.org/10.1145/2018436.2018467},
 doi = {10.1145/2018436.2018467},
 acmid = {2018467},
 publisher = {ACM},
 address = {New York, NY, USA},
 keywords = {data center, mptcp},
} 




@MISC{olia,
    author = {Ramin Khalili and Nicolas Gast and Miroslav Popovic and Jean-yves Le Boudec},
    title = {Opportunistic Linked-Increases Congestion Control Algorithm for {MPTCP}},
    year = {2013}
}


@InCollection{rfc6824bis,
  author = 	 {A. Ford and C. Raiciu and M. Handley and O. Bonaventure},
  title = 	 {TCP Extensions for Multipath Operation with Multiple Addresses},
  booktitle = 	 {Internet-draft },
  OPTcrossref =  {},
  OPTkey = 	 {},
  OPTpublisher = {},
  OPTyear = 	 {},
  OPTeditor = 	 {},
  OPTvolume = 	 {},
  OPTnumber = 	 {},
  OPTseries = 	 {},
  OPTtype = 	 {},
  OPTchapter = 	 {},
  OPTpages = 	 {},
  OPTedition = 	 {},
  OPTmonth = 	 {},
  OPTaddress = 	 {},
  OPTnote = 	 {draft-ietf-mptcp-rfc6824bis-03},
  OPTannote = 	 {}
}

@article{socks6,
	author = "Olteanu, V. and Niculescu, D.",
	bibsource = "https://tools.ietf.org/html/draft-olteanu-intarea-socks-6-01",
	journal = "Internet Draft",
	publisher = "{IETF}",
	title = "{SOCKS Protocol Version 6}",
	year = "Jul. 2007."
}

@misc{rfc7413,
title = {RFC 7413 - TCP Fast Open},
author  = {Yuchung Cheng and Jerry Chu and Sivasankar Radhakrishnan and Arvind Jain},
year  = {2014},
URL = {http://tools.ietf.org/html/rfc7413}
}

@misc{socks105,
	key = "socks105",
	note = "https://github.com/45G/socks105",
	title = "{SOCKSv6 inițial implementation}"
}

